2760 4754
554 322 944 382 *vronrsoeuorerst

366 1045 370 1053 ι

242 1090 244 1097 “
272 1102 287 1111 ,ι
335 1089 339 1097 ’
382 1075 414 1113 ’δυ
465 1110 468 1117 ,
490 1104 494 1116 ¹.
538 1110 551 1119 ,,
568 1108 572 1113 ,
673 1102 676 1109 ι

347 1120 350 1127 “
372 1116 407 1132 lut!
508 1122 524 1135 2,

1152 1186 1268 1263 {quud

322 1281 638 1376 ms
634 1279 1142 1376 ’MUMW
1155 1310 1160 1321 ·
1186 1299 1269 1349 ³³³⁶

214 1502 280 1591 A
285 1504 384 1601 ΉΕ
389 1504 644 1591 NUMttsss
649 1502 903 1633 ITALQ
915 1499 1293 1603 INSGfllFssffl

286 1683 565 1751 rmuunn
571 1630 797 1827 nouenos
812 1679 1226 1766 omneosouno

1239 1796 1264 1857 ,4

248 1812 480 1956 Nummos
471 1912 501 1954 ιιι
516 1820 645 1954 Tabulis
653 1887 782 1955 xxix.-
787 1817 922 1958 mr.
926 1816 977 1953 ιιδ.
973 1897 1075 1955 unum
1000 1816 1264 1957 onuutdds

216 2002 317 2056 curete
339 1993 376 2055 ad
399 2004 504 2076 ectypa
518 1993 550 2054 in
563 1990 679 2056 Museis
695 2012 769 2074 quoe
784 2001 854 2054 sunt
867 1989 1008 2070 Londini‚
1031 1987 1174 2066 Parisiis,
1197 1984 1259 2052 Bo-

215 2093 303 2156 rodini
325 2114 345 2157 a
365 2114 411 2155 me
427 2096 562 2156 eonfeoto
577 2093 725 2176 expressi.
757 2091 923 2155 Admodum
939 2113 1049 2176 paucos
1064 2088 1258 2175 exoperibus

215 2195 272 2258 fide
294 2194 473 2278 dignissimis
494 2195 575 2277 petii,
600 2205 631 2256 et
644 2194 734 2256 malui
748 2192 887 2256 nonnulla
902 2192 1036 2256 omittere
1052 2213 1139 2276 quom
1154 2210 1258 2255 exem·
1297 2208 1305 2219 ’
1358 2230 1360 2235 .

177 2340 180 2345 ·
215 2295 263 2380 plo
285 2296 368 2379 sequi
390 2317 450 2358 non
471 2296 543 2359 setis
560 2306 652 2359 oertn.
681 2293 717 2358 ln
731 2293 929 2378 geographica
942 2292 1045 2358 Italiae
1061 2293 1259 2377 descriptione
1312 2329 1314 2336 ,

188 2467 194 2482 ,
215 2417 268 2462 eos
291 2399 392 2473 urbes,
415 2396 464 2460 ubi
487 2397 597 2459 nummi
617 2397 747 2460 umbrioe
767 2407 797 2459 et
812 2417 881 2459 osce
896 2397 1029 2482 inseripti
1042 2395 1152 2480 reperti
1167 2384 1256 2482 sunt,
1343 2454 1346 2459 .

216 2499 306 2563 rubra
320 2499 397 2563 lineo
413 2498 525 2577 notavi,
550 2499 646 2582 nigra,
671 2499 721 2563 ubi
735 2497 824 2561 latine
839 2497 983 2583 inscripti.

585 2682 893 2756 Raetia.

298 2837 335 2902 ln
361 2837 449 2901 tomis
478 2837 515 2900 ab
536 2834 659 2901 Etruria
681 2848 711 2902 et
738 2832 863 2900 Umbria
891 2836 1121 2919 septentrionem
1148 2855 1259 2900 versos

216 2937 281 3002 sitis
301 2939 372 3002 nulli
392 2937 486 3002 adbuo
509 2939 618 3001 nummi
633 2961 698 3002 oum
718 2938 956 3022 inscriptionibus
971 2940 1177 3017 innotuerunt,
1201 2957 1258 3003 ox-

216 3040 309 3124 oeptis
339 3040 484 3103 duntaxat
511 3039 657 3104 Romanis
686 3040 847 3104 senioribus
876 3052 907 3104 et
943 3041 1056 3105 duobus
1093 3040 1256 3125 argenteio,

216 3162 290 3224 quos
313 3153 413 3226 utpote
432 3143 559 3206 ineditos
579 3143 610 3207 in
633 3144 750 3207 tabulae
771 3137 896 3206 XXIX.
922 3143 980 3206 fine
1000 3142 1096 3227 posui.
1133 3140 1259 3227 Reperti

216 3242 238 3306 ii
257 3254 327 3308 suut
348 3243 478 3307 insultu
498 3241 607 3330 Alpino
637 3245 685 3328 qui
709 3255 755 3309 est
775 3245 854 3307 intra
874 3239 997 3309 Curiam
1019 3254 1050 3308 et
1072 3240 1258 3308 Clavennnm

215 3344 247 3409 in
270 3340 403 3430 Septimo
420 3343 526 3410 Monte
554 3346 576 3410 i.
593 3367 622 3411 e.
645 3347 677 3410 in
698 3344 823 3424 Raetia,
863 3357 893 3409 et
913 3367 991 3412 nuno
1012 3346 1044 3409 in
1064 3342 1173 3410 Museo
1195 3341 1283 3418 'l'u-⁴

215 3447 326 3512 rioeusi
348 3448 560 3526 adservantur,
597 3449 644 3512 ubi
674 3471 770 3533 nuper
790 3449 860 3511 vidi.
908 3444 996 3528 Quod
1021 3447 1087 3512 dedi
1117 3457 1256 3532 eotypon,

216 3546 363 3634 Souppius
379 3550 468 3628 misit,
484 3547 828 3633 professor'l'urioeusis.
845 3547 974 3613 Genuini
990 3571 1058 3613 num
1074 3549 1133 3612 sint
1146 3547 1258 3612 nummi

216 3673 269 3716 our
283 3653 441 3729 dubitetur,
465 3653 544 3715 nulla
560 3653 678 3715 omniuo
694 3662 794 3715 exstat
809 3673 909 3715 causa.
933 3649 1090 3735 Inscriptio
1105 3651 1257 3733 utriusque

216 3755 327 3818 nummi
340 3755 444 3818 eadem
458 3764 515 3831 est,
532 3753 607 3817 bene
622 3754 653 3816 in
668 3754 762 3816 altero
776 3765 963 3817 conservata.
980 3752 1114 3817 Litterae
1126 3750 1259 3816 certissi-

216 3875 263 3918 me
284 3866 354 3919 sunt
372 3867 507 3919 etrusoae
522 3855 730 3941 praeterquod
745 3855 845 3918 ultima
861 3856 948 3920 dubia
962 3856 1079 3921 videtur
1093 3874 1173 3919 esse.
1207 3850 1259 3918 Eo

216 3974 275 4018 non
291 3965 481 4039 potestesse,
498 3957 555 4022 uisi
570 3957 699 4035 vooalis3
723 3957 826 4040 quodsi
842 3958 877 4021 de
892 3958 902 4021 i
917 3958 1041 4043 cogitari
1056 3957 1137 4032 lieet,
1152 3955 1258 4038 legen·
1289 4016 1296 4021 ,
1334 3982 1337 3991 ·

216 4054 285 4120 dum
305 4068 352 4120 est
373 4052 479 4122 Urvi.
510 4057 544 4123 Id
559 4079 668 4124 nomen
683 4054 914 4129 Orobiorum
929 4070 1055 4124 renovat
1068 4056 1254 4137 memorium,
