2760 4754
551 307 654 368 suus
677 308 854 372 muncrum·
1063 377 1066 381 Α
1150 289 1218 376 ¹¹6-

173 477 224 520 rus
237 461 274 536 ¹).
299 451 376 539 Typi
392 455 441 518 alii
456 453 601 520 notissimi
615 454 684 538 biga
697 465 812 521 suntet
826 452 953 524 Vulcani
968 467 1056 541 caput
1067 456 1146 543 (No.
1156 455 1217 541 37.

173 555 257 642 38.).
287 555 324 621 ln
338 557 388 620 issa
402 568 486 640 parte
500 557 607 641 legitur
627 578 794 640 assensero,
818 558 868 621 mi
890 569 937 623 est
956 555 987 621 A
1001 560 1157 642 quodiam
1173 560 1217 646 ‘iu

172 680 282 732 sovmo
302 669 333 720 et
352 658 443 722 titulis
465 659 595 741 antiquis
613 657 757 724 Romanis
778 661 1080 726 commemoravimus.
1109 661 1216 746 Etiam

172 757 201 825 0
216 761 295 825 infra
309 770 441 843 apertum
456 761 565 845 passim
579 760 770 845 conspicitur,
794 763 880 845 quale
899 762 1023 826 vidimus
1037 763 1068 827 in
1083 787 1213 829 cosano.-

169 860 288 926 Pariter
302 862 398 927 forma
412 863 549 951 adiectivi
562 863 595 926 in
609 885 628 927 o
641 864 749 929 exiens
763 886 828 928 cum
843 865 948 939 altera,
965 885 1053 948 quam
1066 865 1206 944 diximus,

171 963 318 1047 congruit.
348 961 466 1029 Proca
486 975 583 1043 tamen
597 985 701 1031 errore
714 965 806 1029 semel
819 987 973 1043 npsuannro
988 967 1101 1032 etitem
1116 969 1208 1032 semel
1266 1021 1269 1030 .

169 1087 305 1130 ursnamo
325 1066 464 1150 scriptum
480 1077 537 1131 est.
570 1064 685 1133 Comma
697 1066 851 1149 inscriptio
865 1067 956 1130 altera
973 1089 1127 1159 votensou
1147 1067 1215 1153 iam.
1251 1084 1254 1090 '

170 1168 220 1231 diu
239 1168 349 1232 misero
367 1168 486 1233 criticos
506 1168 653 1232 exercuit.
688 1166 729 1233 Et
742 1166 878 1232 Lanzius
898 1168 1015 1252 quidem
1028 1190 1081 1254 pro
1097 1191 1205 1253 cogno·
1287 1191 1291 1201 ·

170 1270 248 1333 mine
264 1270 365 1334 hahuit
378 1270 506 1335 nominis
519 1269 729 1334 Aiseruino
744 1269 953 1355 interpretatus
968 1269 1205 1336 Aiserninttm

170 1369 381 1435 Volcanom
402 1371 550 1456 genitivos
565 1393 633 1436 esse
647 1371 779 1453 pluralis
813 1369 857 1435 At
868 1372 1085 1438 Aisernino
1101 1372 1206 1455 ubique

169 1472 354 1548 siueffllittera
374 1494 404 1536 m
424 1474 635 1558 scriptumest,
661 1469 874 1537 Volcanum
895 1485 1000 1538 contra
1014 1495 1079 1538 enm
1101 1473 1207 1557 ubique

161 1574 297 1637 >additam
319 1575 418 1638 hahet.
462 1573 558 1638 Porro
578 1597 640 1638 non
661 1596 736 1658 opus
755 1586 821 1638 erat
840 1573 1018 1639 Aeserniam
1041 1575 1207 1642 accuratius
1320 1647 1322 1651 Α

169 1676 329 1767 designari,
354 1698 409 1740 neo
424 1677 492 1760 quid
514 1677 659 1760 sigmficet
674 1678 790 1741 taudem
806 1698 971 1760 cognomen
984 1677 1055 1741 illud
1069 1677 1206 1762 intelligi·
1246 1730 1248 1734 .

95 1820 102 1827 ·
168 1764 227 1842 tur.
250 1777 442 1863 Epigraphen
457 1779 494 1841 ad
508 1775 676 1842 Volcani
691 1790 778 1864 ceput
791 1778 939 1861 pertinere
955 1789 985 1841 et
1004 1800 1053 1844 res
1075 1780 1140 1864 ipsa
1154 1781 1205 1843 do-

168 1891 216 1943 cet
236 1891 267 1945 et
286 1880 356 1943 inde
376 1891 510 1963 apparet,
533 1881 610 1962 quod
630 1880 720 1942 etiam
742 1880 811 1942 alibi
833 1880 888 1943 etsi
910 1901 1032 1964 perraro
1048 1881 1109 1966 typi
1123 1881 1206 1944 inve-

138 1973 142 1986 *
168 1983 287 2046 niuntur
301 1979 474 2064 (Minervae
490 1992 577 2064 caput
596 1981 627 2065 )(
648 1981 759 2064 Aquila
772 2004 838 2044 cum
852 1992 990 2063 serpente
1004 1980 1128 2046 Parisiis
1142 1981 1205 2047 No.

168 2083 250 2167 36),
274 2084 323 2148 ubi
337 2082 489 2168 inscriptio
505 2079 716 2147 Volcanom
739 2085 834 2147 deest.
856 2082 1001 2149 Eolrhelio
1015 2088 1040 2165 ¹)
1057 2105 1111 2150 nec
1126 2085 1212 2150 clau

168 2187 234 2250 sula
255 2209 273 2250 o
295 2207 351 2250 nec
370 2208 418 2249 om
439 2205 563 2248 romana
584 2195 631 2248 est
651 2184 729 2264 visa,
753 2187 806 2250 sed
828 2206 880 2267 eas
902 2195 935 2248 ιιι
951 2185 1066 2249 formas
1080 2185 1202 2263 Tutere‚

168 2288 304 2367 lkuviui,
334 2285 432 2365 Titui,
463 2284 586 2363 Auem,
614 2284 745 2351 Larinor
766 2299 797 2351 et
816 2285 979 2364 Larinom,
1002 2285 1204 2361 Beneventor‚

166 2389 292 2469 Tianur‚
305 2385 662 2477 *AkurunuiarsVitelim
680 2386 819 2467 Viteliur,
844 2387 1009 2474 Saphinim,
1027 2389 1113 2466 alias,
1131 2388 1205 2451 idio-

168 2494 270 2557 tismos
285 2512 352 2557 esse
367 2491 490 2568 credidit
503 2490 621 2574 linguae
635 2491 781 2572 barbarae
795 2492 860 2557 eius
876 2502 998 2555 tractus.
1032 2487 1068 2553 Iu
1082 2489 1129 2552 his
1144 2488 1204 2573 ple·

168 2595 267 2675 risque
288 2592 421 2665 omuibus
445 2592 512 2674 quid
534 2591 635 2655 vitiosi
647 2593 729 2670 insit,
753 2616 808 2657 nos
823 2594 881 2656 iam
896 2614 985 2677 supra
1000 2588 1201 2675 exposuimus.

170 2691 365 2759 0.Miillerus
378 2692 499 2758 Etruso.
516 2688 542 2754 I.
560 2714 589 2776 p.
607 2691 660 2755 34.
676 2690 877 2759 Volcanos
891 2695 975 2777 legit,
990 2693 1032 2754 ite
1047 2701 1079 2753 ιιι
1093 2712 1107 2752 s
1122 2711 1204 2752 moro

168 2796 297 2860 Etrusco
312 2805 392 2858 esset
406 2796 561 2858 formatum
576 2805 606 2857 et
621 2792 803 2874 Graecorum
818 2808 962 2860 veterum.
999 2791 1033 2857 Id
1051 2814 1137 2876 quum
1152 2812 1205 2875 per

168 2919 202 2962 se
224 2897 344 2961 admitti⁴
359 2918 419 2960 non
438 2896 533 2981 possit
550 2907 706 2980 propterea
720 2899 796 2981 quod
811 2899 910 2980 lingua
925 2894 1100 2983 epigraphes
1114 2893 1206 2956 latinu

167 3011 224 3080 est,
248 3000 280 3064 in
294 3021 351 3083 qua
365 3020 513 3081 nunquam
528 2995 563 3061 M
577 3019 630 3082 pro
644 3021 661 3062 s
676 3000 731 3063 fuit
745 3011 927 3084 usurpatum,
951 3010 1012 3061 tum
1028 2999 1123 3063 forma
1139 3018 1210 3084 oro—7

167 3125 231 3167 rum
247 3103 305 3166 late
320 3101 510 3165 distortorutn
524 3100 643 3163 minime
658 3112 766 3183 aequat
779 3101 954 3164 elementum
969 3111 1055 3163 vetus
1070 3121 1103 3178 s;
1123 3099 1204 3161 deni-

167 3228 234 3322 pue,
258 3205 289 3267 iu
303 3205 379 3286 quod
393 3204 482 3285 longe
496 3212 541 3264 est
556 3201 775 3311 gravissimum,
799 3201 829 3264 in
845 3201 949 3265 iisdem
965 3201 1089 3266 nummis
1105 3211 1206 3264 notas

166 3309 198 3372 in
213 3327 366 3370 slsunsnro
382 3308 498 3388 semper
511 3323 565 3386 per
580 3298 615 3380 S,
632 3325 780 3386 nunquam
795 3326 847 3388 per
861 3302 897 3366 M
911 3325 1055 3388 expressa
1068 3303 1203 3366 habetur.

250 3405 374 3472 Nummi
395 3427 455 3469 nou
471 3414 540 3468 sunt
561 3403 740 3505 antiquiores
755 3427 833 3469 euno
855 3401 919 3469 259
941 3415 1011 3468 ante
1033 3403 1121 3482 Chr.
1147 3427 1204 3498 quo

167 3532 246 3576 anno
259 3507 408 3574 Aesernia
421 3506 561 3572 Romana
582 3495 661 3569 ficu
682 3518 728 3570 est
742 3506 858 3572 colonia
868 3511 906 3589 ³)
936 3502 969 3568 Id
986 3507 1138 3568 confirmat
1153 3507 1204 3568 sti

238 3783 263 3849 1)
280 3782 388 3834 Eckhei
404 3781 424 3832 l.
445 3799 469 3848 p.
486 3781 545 3834 102.
565 3779 659 3831 Combe
678 3779 778 3832 Nummi
798 3787 861 3831 vett.
883 3795 957 3846 popp.
978 3777 1044 3830 Mus.
1066 3778 1130 3828 Brit.
1151 3780 1203 3830 tob.

169 3869 201 3920 ΙΙ.
221 3868 270 3920 Νο.
290 3869 316 3919 3.
336 3885 362 3935 p.
382 3867 423 3919 19.
449 3867 515 3919 Vide
535 3873 648 3917 nostram
668 3868 722 3918 tab.
742 3865 830 3916 XXX.
851 3863 899 3916 No.
920 3856 962 3918 36.

235 3952 538 4019 2)Doetr.l.p.128

237 4039 262 4104 3)
281 4039 339 4090 liv.
359 4055 399 4106 ep.
421 4039 461 4092 66.
483 4035 524 4096 72.
563 4037 619 4090 Ιλιι.
640 4035 765 4090 xxvtu.
787 4037 828 4088 10,
854 4081 856 4084 .
