<?xml version="1.0" encoding="UTF-8"?>
<!DOCTYPE html PUBLIC "-//W3C//DTD XHTML 1.0 Transitional//EN"
    "http://www.w3.org/TR/xhtml1/DTD/xhtml1-transitional.dtd">
<html xmlns="http://www.w3.org/1999/xhtml" xml:lang="en" lang="en">
 <head>
  <title>
</title>
<meta http-equiv="Content-Type" content="text/html;charset=utf-8" />
  <meta name='ocr-system' content='tesseract 3.04.00' />
  <meta name='ocr-capabilities' content='ocr_page ocr_carea ocr_par ocr_line ocrx_word'/>
</head>
<body>
  <div class='ocr_page' id='page_1' title='image "./inscriptionesum00lepsgoog_0159.png"; bbox 0 0 2760 4754; ppageno 0'>
   <div class='ocr_carea' id='block_1_1' title="bbox 544 317 1213 382">
    <p class='ocr_par' dir='ltr' id='par_1_1' title="bbox 544 317 1213 382">
     <span class='ocr_line' id='line_1_1' title="bbox 544 317 1213 382; baseline 0.006 -5"><span class='ocrx_word' id='word_1_1' title='bbox 544 334 856 378; x_wconf 68' lang='lat' dir='ltr'><strong>obmurmurans.-</strong></span> <span class='ocrx_word' id='word_1_2' title='bbox 1145 317 1213 382; x_wconf 56' lang='grc' dir='ltr'><em>Μ</em></span> 
     </span>
    </p>
   </div>
   <div class='ocr_carea' id='block_1_2' title="bbox 111 481 1297 3832">
    <p class='ocr_par' dir='ltr' id='par_1_2' title="bbox 111 481 1297 3524">
     <span class='ocr_line' id='line_1_2' title="bbox 174 481 1214 566; baseline 0.005 -20"><span class='ocrx_word' id='word_1_3' title='bbox 174 481 334 560; x_wconf 82' lang='lat' dir='ltr'><strong>Etruscos,</strong></span> <span class='ocrx_word' id='word_1_4' title='bbox 357 502 586 566; x_wconf 69' lang='lat' dir='ltr'><strong>perspexeram</strong></span> <span class='ocrx_word' id='word_1_5' title='bbox 617 503 675 565; x_wconf 92' lang='lat' dir='ltr'><strong>qua</strong></span> <span class='ocrx_word' id='word_1_6' title='bbox 702 483 740 546; x_wconf 91' lang='lat' dir='ltr'><strong>de</strong></span> <span class='ocrx_word' id='word_1_7' title='bbox 762 502 853 546; x_wconf 86' lang='lat' dir='ltr'><strong>causa</strong></span> <span class='ocrx_word' id='word_1_8' title='bbox 874 483 1025 566; x_wconf 85' lang='lat' dir='ltr'><strong>complura</strong></span> <span class='ocrx_word' id='word_1_9' title='bbox 1045 493 1115 550; x_wconf 88' lang='lat' dir='ltr'><strong>tunc</strong></span> <span class='ocrx_word' id='word_1_10' title='bbox 1136 487 1214 551; x_wconf 82' lang='lat' dir='ltr'><strong>diota</strong></span> 
     </span>
     <span class='ocr_line' id='line_1_3' title="bbox 174 581 1214 671; baseline 0.004 -23"><span class='ocrx_word' id='word_1_11' title='bbox 174 606 253 648; x_wconf 89' lang='lat' dir='ltr'><strong>nunc</strong></span> <span class='ocrx_word' id='word_1_12' title='bbox 276 583 362 647; x_wconf 90' lang='lat' dir='ltr'><strong>aliter</strong></span> <span class='ocrx_word' id='word_1_13' title='bbox 381 585 520 649; x_wconf 81' lang='lat' dir='ltr'><strong>dicerem.</strong></span> <span class='ocrx_word' id='word_1_14' title='bbox 564 581 600 646; x_wconf 94' lang='lat' dir='ltr'><strong>ld</strong></span> <span class='ocrx_word' id='word_1_15' title='bbox 620 605 746 667; x_wconf 90' lang='lat' dir='ltr'><strong>quoque,</strong></span> <span class='ocrx_word' id='word_1_16' title='bbox 769 605 807 648; x_wconf 89' lang='lat' dir='ltr'><strong>ne</strong></span> <span class='ocrx_word' id='word_1_17' title='bbox 829 585 865 648; x_wconf 93' lang='lat' dir='ltr'><strong>ab</strong></span> <span class='ocrx_word' id='word_1_18' title='bbox 888 585 953 649; x_wconf 86' lang='lat' dir='ltr'><strong>aliis</strong></span> <span class='ocrx_word' id='word_1_19' title='bbox 974 606 1129 671; x_wconf 76' lang='lat' dir='ltr'><strong>perperam</strong></span> <span class='ocrx_word' id='word_1_20' title='bbox 1147 608 1214 652; x_wconf 81' lang='lat' dir='ltr'><strong>mea</strong></span> 
     </span>
     <span class='ocr_line' id='line_1_4' title="bbox 174 685 1297 770; baseline 0.004 -21"><span class='ocrx_word' id='word_1_21' title='bbox 174 687 387 770; x_wconf 78' lang='lat' dir='ltr'>intelligantur,</span> <span class='ocrx_word' id='word_1_22' title='bbox 419 687 466 750; x_wconf 92' lang='lat' dir='ltr'><strong>bic</strong></span> <span class='ocrx_word' id='word_1_23' title='bbox 495 697 627 751; x_wconf 87' lang='lat' dir='ltr'><strong>notatum</strong></span> <span class='ocrx_word' id='word_1_24' title='bbox 654 687 736 765; x_wconf 90' lang='lat' dir='ltr'><strong>volo,</strong></span> <span class='ocrx_word' id='word_1_25' title='bbox 766 687 1012 770; x_wconf 89' lang='lat' dir='ltr'><strong>pronuntiationis</strong></span> <span class='ocrx_word' id='word_1_26' title='bbox 1035 685 1213 753; x_wconf 93' lang='lat' dir='ltr'><strong>Umbrorum</strong></span> <span class='ocrx_word' id='word_1_27' title='bbox 1293 731 1297 740; x_wconf 49' lang='grc' dir='ltr'><em>ι</em></span> 
     </span>
     <span class='ocr_line' id='line_1_5' title="bbox 174 783 1214 875; baseline 0.002 -23"><span class='ocrx_word' id='word_1_28' title='bbox 174 788 418 872; x_wconf 82' lang='lat' dir='ltr'><strong>permutationem</strong></span> <span class='ocrx_word' id='word_1_29' title='bbox 440 783 623 871; x_wconf 79' lang='lat' dir='ltr'><strong>nequaquam</strong></span> <span class='ocrx_word' id='word_1_30' title='bbox 652 788 684 851; x_wconf 94' lang='lat' dir='ltr'><strong>in</strong></span> <span class='ocrx_word' id='word_1_31' title='bbox 705 809 797 871; x_wconf 87' lang='lat' dir='ltr'><strong>parvo</strong></span> <span class='ocrx_word' id='word_1_32' title='bbox 818 789 868 852; x_wconf 93' lang='lat' dir='ltr'><strong>illo</strong></span> <span class='ocrx_word' id='word_1_33' title='bbox 890 790 1030 875; x_wconf 87' lang='lat' dir='ltr'><strong>temporis</strong></span> <span class='ocrx_word' id='word_1_34' title='bbox 1053 790 1147 875; x_wconf 89' lang='lat' dir='ltr'><strong>spatio</strong></span> <span class='ocrx_word' id='word_1_35' title='bbox 1169 791 1214 855; x_wconf 92' lang='lat' dir='ltr'><strong>in-</strong></span> 
     </span>
     <span class='ocr_line' id='line_1_6' title="bbox 174 888 1213 975; baseline 0.002 -22"><span class='ocrx_word' id='word_1_36' title='bbox 174 889 285 954; x_wconf 90' lang='lat' dir='ltr'><strong>clusam</strong></span> <span class='ocrx_word' id='word_1_37' title='bbox 300 890 392 953; x_wconf 88' lang='lat' dir='ltr'><strong>luisse</strong></span> <span class='ocrx_word' id='word_1_38' title='bbox 406 911 453 952; x_wconf 94' lang='lat' dir='ltr'><strong>me</strong></span> <span class='ocrx_word' id='word_1_39' title='bbox 469 889 602 967; x_wconf 89' lang='lat' dir='ltr'><strong>credere,</strong></span> <span class='ocrx_word' id='word_1_40' title='bbox 625 890 700 971; x_wconf 92' lang='lat' dir='ltr'><strong>quod</strong></span> <span class='ocrx_word' id='word_1_41' title='bbox 723 888 801 952; x_wconf 89' lang='lat' dir='ltr'><strong>inter</strong></span> <span class='ocrx_word' id='word_1_42' title='bbox 814 889 929 953; x_wconf 90' lang='lat' dir='ltr'><strong>tabulas</strong></span> <span class='ocrx_word' id='word_1_43' title='bbox 944 890 1074 955; x_wconf 90' lang='lat' dir='ltr'><strong>umbrice</strong></span> <span class='ocrx_word' id='word_1_44' title='bbox 1089 892 1213 975; x_wconf 89' lang='lat' dir='ltr'><strong>scriptas</strong></span> 
     </span>
     <span class='ocr_line' id='line_1_7' title="bbox 174 991 1213 1078; baseline 0.002 -22"><span class='ocrx_word' id='word_1_45' title='bbox 174 1002 206 1056; x_wconf 91' lang='lat' dir='ltr'><strong>et</strong></span> <span class='ocrx_word' id='word_1_46' title='bbox 225 992 315 1055; x_wconf 92' lang='lat' dir='ltr'><strong>latine</strong></span> <span class='ocrx_word' id='word_1_47' title='bbox 336 991 460 1075; x_wconf 90' lang='lat' dir='ltr'><strong>scriptas</strong></span> <span class='ocrx_word' id='word_1_48' title='bbox 482 991 666 1070; x_wconf 82' lang='lat' dir='ltr'><strong>intercessit3</strong></span> <span class='ocrx_word' id='word_1_49' title='bbox 699 991 775 1055; x_wconf 89' lang='lat' dir='ltr'><strong>banc</strong></span> <span class='ocrx_word' id='word_1_50' title='bbox 797 991 1017 1074; x_wconf 74' lang='lat' dir='ltr'><strong>antiquissimae</strong></span> <span class='ocrx_word' id='word_1_51' title='bbox 1042 995 1213 1078; x_wconf 90' lang='lat' dir='ltr'><strong>pronuntia-</strong></span> 
     </span>
     <span class='ocr_line' id='line_1_8' title="bbox 174 1086 1215 1183; baseline 0.003 -25"><span class='ocrx_word' id='word_1_52' title='bbox 174 1090 263 1159; x_wconf 90' lang='lat' dir='ltr'><strong>tionis</strong></span> <span class='ocrx_word' id='word_1_53' title='bbox 292 1094 515 1159; x_wconf 80' lang='lat' dir='ltr'><strong>declinationem</strong></span> <span class='ocrx_word' id='word_1_54' title='bbox 542 1091 639 1177; x_wconf 89' lang='lat' dir='ltr'><strong>potins</strong></span> <span class='ocrx_word' id='word_1_55' title='bbox 662 1093 772 1157; x_wconf 89' lang='lat' dir='ltr'><strong>sensim</strong></span> <span class='ocrx_word' id='word_1_56' title='bbox 800 1086 966 1177; x_wconf 90' lang='lat' dir='ltr'><strong>sensimque</strong></span> <span class='ocrx_word' id='word_1_57' title='bbox 995 1094 1063 1159; x_wconf 92' lang='lat' dir='ltr'><strong>inde</strong></span> <span class='ocrx_word' id='word_1_58' title='bbox 1083 1110 1101 1158; x_wconf 88' lang='lat' dir='ltr'><strong>a</strong></span> <span class='ocrx_word' id='word_1_59' title='bbox 1120 1096 1215 1183; x_wconf 89' lang='lat' dir='ltr'><strong>prima</strong></span> 
     </span>
     <span class='ocr_line' id='line_1_9' title="bbox 173 1190 1214 1280; baseline 0.006 -22"><span class='ocrx_word' id='word_1_60' title='bbox 173 1196 336 1260; x_wconf 89' lang='lat' dir='ltr'><strong>litterarum</strong></span> <span class='ocrx_word' id='word_1_61' title='bbox 351 1194 566 1260; x_wconf 79' lang='lat' dir='ltr'><strong>introductione</strong></span> <span class='ocrx_word' id='word_1_62' title='bbox 587 1195 747 1280; x_wconf 84' lang='lat' dir='ltr'><strong>incepisse,</strong></span> <span class='ocrx_word' id='word_1_63' title='bbox 765 1195 851 1258; x_wconf 92' lang='lat' dir='ltr'><strong>nullis</strong></span> <span class='ocrx_word' id='word_1_64' title='bbox 867 1190 984 1280; x_wconf 92' lang='lat' dir='ltr'><strong>quidem</strong></span> <span class='ocrx_word' id='word_1_65' title='bbox 1005 1196 1036 1259; x_wconf 92' lang='lat' dir='ltr'><strong>in</strong></span> <span class='ocrx_word' id='word_1_66' title='bbox 1050 1197 1214 1264; x_wconf 88' lang='lat' dir='ltr'><strong>litteratura</strong></span> 
     </span>
     <span class='ocr_line' id='line_1_10' title="bbox 148 1296 1220 1383; baseline 0.004 -22"><span class='ocrx_word' id='word_1_67' title='bbox 148 1362 155 1367; x_wconf 78' lang='grc'>,</span> <span class='ocrx_word' id='word_1_68' title='bbox 173 1298 266 1361; x_wconf 89' lang='lat' dir='ltr'><strong>semel</strong></span> <span class='ocrx_word' id='word_1_69' title='bbox 286 1309 406 1382; x_wconf 90' lang='lat' dir='ltr'><strong>recepta</strong></span> <span class='ocrx_word' id='word_1_70' title='bbox 420 1296 554 1380; x_wconf 84' lang='lat' dir='ltr'><strong>vestigiis</strong></span> <span class='ocrx_word' id='word_1_71' title='bbox 573 1297 697 1374; x_wconf 87' lang='lat' dir='ltr'><strong>relictis,</strong></span> <span class='ocrx_word' id='word_1_72' title='bbox 723 1307 752 1360; x_wconf 92' lang='lat' dir='ltr'><strong>et</strong></span> <span class='ocrx_word' id='word_1_73' title='bbox 766 1297 816 1361; x_wconf 95' lang='lat' dir='ltr'><strong>illo</strong></span> <span class='ocrx_word' id='word_1_74' title='bbox 833 1308 944 1362; x_wconf 91' lang='lat' dir='ltr'><strong>tantum</strong></span> <span class='ocrx_word' id='word_1_75' title='bbox 959 1300 1089 1383; x_wconf 86' lang='lat' dir='ltr'><strong>tempore</strong></span> <span class='ocrx_word' id='word_1_76' title='bbox 1104 1299 1220 1366; x_wconf 85' lang='lat' dir='ltr'><strong>clarius</strong></span> 
     </span>
     <span class='ocr_line' id='line_1_11' title="bbox 173 1387 1213 1485; baseline 0.003 -23"><span class='ocrx_word' id='word_1_77' title='bbox 173 1400 249 1463; x_wconf 91' lang='lat' dir='ltr'><strong>etin</strong></span> <span class='ocrx_word' id='word_1_78' title='bbox 264 1399 393 1482; x_wconf 92' lang='lat' dir='ltr'><strong>pluribus</strong></span> <span class='ocrx_word' id='word_1_79' title='bbox 418 1400 505 1462; x_wconf 78' lang='lat' dir='ltr'><strong>simid</strong></span> <span class='ocrx_word' id='word_1_80' title='bbox 526 1399 631 1463; x_wconf 90' lang='lat' dir='ltr'><strong>litteris</strong></span> <span class='ocrx_word' id='word_1_81' title='bbox 655 1387 838 1485; x_wconf 87' lang='lat' dir='ltr'><strong>apparuisse,</strong></span> <span class='ocrx_word' id='word_1_82' title='bbox 864 1399 979 1485; x_wconf 91' lang='lat' dir='ltr'><strong>quando</strong></span> <span class='ocrx_word' id='word_1_83' title='bbox 1002 1422 1081 1464; x_wconf 89' lang='lat' dir='ltr'><strong>nova</strong></span> <span class='ocrx_word' id='word_1_84' title='bbox 1102 1400 1213 1465; x_wconf 90' lang='lat' dir='ltr'><strong>littera·</strong></span> 
     </span>
     <span class='ocr_line' id='line_1_12' title="bbox 173 1500 1213 1587; baseline 0.003 -22"><span class='ocrx_word' id='word_1_85' title='bbox 173 1513 240 1565; x_wconf 90' lang='lat' dir='ltr'><strong>tura</strong></span> <span class='ocrx_word' id='word_1_86' title='bbox 262 1502 358 1563; x_wconf 91' lang='lat' dir='ltr'><strong>denuo</strong></span> <span class='ocrx_word' id='word_1_87' title='bbox 389 1500 426 1564; x_wconf 92' lang='lat' dir='ltr'><strong>ad</strong></span> <span class='ocrx_word' id='word_1_88' title='bbox 448 1501 693 1582; x_wconf 84' lang='lat' dir='ltr'><strong>pronuntiationis</strong></span> <span class='ocrx_word' id='word_1_89' title='bbox 715 1502 861 1566; x_wconf 89' lang='lat' dir='ltr'><strong>rationem</strong></span> <span class='ocrx_word' id='word_1_90' title='bbox 883 1502 979 1587; x_wconf 88' lang='lat' dir='ltr'><strong>paudo</strong></span> <span class='ocrx_word' id='word_1_91' title='bbox 1000 1512 1140 1565; x_wconf 90' lang='lat' dir='ltr'><strong>mutatam</strong></span> <span class='ocrx_word' id='word_1_92' title='bbox 1162 1504 1213 1569; x_wconf 93' lang='lat' dir='ltr'><strong>ad·</strong></span> 
     </span>
     <span class='ocr_line' id='line_1_13' title="bbox 173 1598 1214 1689; baseline 0.003 -23"><span class='ocrx_word' id='word_1_93' title='bbox 173 1603 267 1689; x_wconf 86' lang='lat' dir='ltr'><strong>aptari</strong></span> <span class='ocrx_word' id='word_1_94' title='bbox 290 1603 399 1665; x_wconf 87' lang='lat' dir='ltr'><strong>debuit.</strong></span> <span class='ocrx_word' id='word_1_95' title='bbox 444 1598 649 1686; x_wconf 89' lang='lat' dir='ltr'><strong>Unaquaeque</strong></span> <span class='ocrx_word' id='word_1_96' title='bbox 671 1605 750 1668; x_wconf 91' lang='lat' dir='ltr'><strong>enim</strong></span> <span class='ocrx_word' id='word_1_97' title='bbox 777 1604 943 1668; x_wconf 85' lang='lat' dir='ltr'><strong>litteratura</strong></span> <span class='ocrx_word' id='word_1_98' title='bbox 964 1604 1214 1669; x_wconf 88' lang='lat' dir='ltr'><strong>accuratissimam</strong></span> 
     </span>
     <span class='ocr_line' id='line_1_14' title="bbox 172 1705 1214 1790; baseline 0.002 -22"><span class='ocrx_word' id='word_1_99' title='bbox 172 1705 418 1788; x_wconf 90' lang='lat' dir='ltr'><strong>pronuntiationis</strong></span> <span class='ocrx_word' id='word_1_100' title='bbox 439 1705 597 1787; x_wconf 79' lang='lat' dir='ltr'><strong>imaginem</strong></span> <span class='ocrx_word' id='word_1_101' title='bbox 612 1707 756 1789; x_wconf 91' lang='lat' dir='ltr'><strong>praebere</strong></span> <span class='ocrx_word' id='word_1_102' title='bbox 771 1717 869 1790; x_wconf 93' lang='lat' dir='ltr'><strong>potest</strong></span> <span class='ocrx_word' id='word_1_103' title='bbox 882 1706 959 1769; x_wconf 90' lang='lat' dir='ltr'><strong>illius</strong></span> <span class='ocrx_word' id='word_1_104' title='bbox 981 1706 1133 1788; x_wconf 93' lang='lat' dir='ltr'><strong>temporis,</strong></span> <span class='ocrx_word' id='word_1_105' title='bbox 1157 1729 1214 1790; x_wconf 92' lang='lat' dir='ltr'><strong>quo</strong></span> 
     </span>
     <span class='ocr_line' id='line_1_15' title="bbox 171 1806 1211 1891; baseline 0.001 -20"><span class='ocrx_word' id='word_1_106' title='bbox 171 1807 295 1891; x_wconf 81' lang='lat' dir='ltr'><strong>primum</strong></span> <span class='ocrx_word' id='word_1_107' title='bbox 310 1806 444 1871; x_wconf 89' lang='lat' dir='ltr'><strong>instituta</strong></span> <span class='ocrx_word' id='word_1_108' title='bbox 458 1817 515 1870; x_wconf 90' lang='lat' dir='ltr'><strong>est.</strong></span> <span class='ocrx_word' id='word_1_109' title='bbox 560 1806 685 1871; x_wconf 92' lang='lat' dir='ltr'><strong>Nullum</strong></span> <span class='ocrx_word' id='word_1_110' title='bbox 700 1808 790 1891; x_wconf 83' lang='lat' dir='ltr'><strong>igitur</strong></span> <span class='ocrx_word' id='word_1_111' title='bbox 811 1807 932 1872; x_wconf 92' lang='lat' dir='ltr'><strong>dubium</strong></span> <span class='ocrx_word' id='word_1_112' title='bbox 953 1818 1069 1870; x_wconf 90' lang='lat' dir='ltr'><strong>restare</strong></span> <span class='ocrx_word' id='word_1_113' title='bbox 1084 1809 1211 1887; x_wconf 87' lang='lat' dir='ltr'><strong>videtur,</strong></span> 
     </span>
     <span class='ocr_line' id='line_1_16' title="bbox 172 1907 1215 1993; baseline 0 -19"><span class='ocrx_word' id='word_1_114' title='bbox 172 1909 241 1993; x_wconf 90' lang='lat' dir='ltr'><strong>quin</strong></span> <span class='ocrx_word' id='word_1_115' title='bbox 256 1929 297 1974; x_wconf 87' lang='lat' dir='ltr'><strong>ex</strong></span> <span class='ocrx_word' id='word_1_116' title='bbox 318 1907 501 1973; x_wconf 89' lang='lat' dir='ltr'><strong>litteraturae</strong></span> <span class='ocrx_word' id='word_1_117' title='bbox 525 1909 696 1974; x_wconf 86' lang='lat' dir='ltr'><strong>diversitate</strong></span> <span class='ocrx_word' id='word_1_118' title='bbox 711 1930 820 1972; x_wconf 82' lang='lat' dir='ltr'><strong>revera</strong></span> <span class='ocrx_word' id='word_1_119' title='bbox 835 1909 871 1972; x_wconf 89' lang='lat' dir='ltr'><strong>de</strong></span> <span class='ocrx_word' id='word_1_120' title='bbox 886 1908 1131 1993; x_wconf 89' lang='lat' dir='ltr'><strong>pronuntiationis</strong></span> <span class='ocrx_word' id='word_1_121' title='bbox 1152 1931 1215 1974; x_wconf 93' lang='lat' dir='ltr'><strong>mu-</strong></span> 
     </span>
     <span class='ocr_line' id='line_1_17' title="bbox 172 2009 1216 2094; baseline 0.002 -19"><span class='ocrx_word' id='word_1_122' title='bbox 172 2011 283 2075; x_wconf 88' lang='lat' dir='ltr'><strong>tatione</strong></span> <span class='ocrx_word' id='word_1_123' title='bbox 305 2009 503 2074; x_wconf 84' lang='lat' dir='ltr'><strong>coniecturam</strong></span> <span class='ocrx_word' id='word_1_124' title='bbox 527 2012 626 2077; x_wconf 85' lang='lat' dir='ltr'><strong>facere</strong></span> <span class='ocrx_word' id='word_1_125' title='bbox 649 2011 819 2089; x_wconf 79' lang='lat' dir='ltr'><strong>doleamne,</strong></span> <span class='ocrx_word' id='word_1_126' title='bbox 851 2009 986 2092; x_wconf 87' lang='lat' dir='ltr'><strong>quamvis</strong></span> <span class='ocrx_word' id='word_1_127' title='bbox 1009 2012 1086 2094; x_wconf 91' lang='lat' dir='ltr'><strong>apud</strong></span> <span class='ocrx_word' id='word_1_128' title='bbox 1107 2009 1216 2077; x_wconf 86' lang='lat' dir='ltr'><strong>Grate-</strong></span> 
     </span>
     <span class='ocr_line' id='line_1_18' title="bbox 171 2110 1213 2196; baseline 0.006 -23"><span class='ocrx_word' id='word_1_129' title='bbox 171 2110 324 2195; x_wconf 73' lang='lat' dir='ltr'><strong>fendum2)</strong></span> <span class='ocrx_word' id='word_1_130' title='bbox 347 2112 491 2196; x_wconf 84' lang='lat' dir='ltr'><strong>legamus,</strong></span> <span class='ocrx_word' id='word_1_131' title='bbox 525 2134 660 2191; x_wconf 91' lang='lat' dir='ltr'><strong>„vanam</strong></span> <span class='ocrx_word' id='word_1_132' title='bbox 683 2133 751 2177; x_wconf 89' lang='lat' dir='ltr'><strong>esse</strong></span> <span class='ocrx_word' id='word_1_133' title='bbox 772 2112 849 2176; x_wconf 92' lang='lat' dir='ltr'><strong>banc</strong></span> <span class='ocrx_word' id='word_1_134' title='bbox 871 2112 1070 2177; x_wconf 91' lang='lat' dir='ltr'><strong>coniecturam</strong></span> <span class='ocrx_word' id='word_1_135' title='bbox 1092 2114 1127 2177; x_wconf 94' lang='lat' dir='ltr'><strong>de</strong></span> <span class='ocrx_word' id='word_1_136' title='bbox 1149 2128 1213 2179; x_wconf 79' lang='lat' dir='ltr'><strong>¹ser·</strong></span> 
     </span>
     <span class='ocr_line' id='line_1_19' title="bbox 169 2209 1213 2302; baseline 0.003 -24"><span class='ocrx_word' id='word_1_137' title='bbox 169 2215 295 2295; x_wconf 87' lang='lat' dir='ltr'><strong>„monis</strong></span> <span class='ocrx_word' id='word_1_138' title='bbox 310 2209 444 2302; x_wconf 91' lang='lat' dir='ltr'><strong>Umbrici</strong></span> <span class='ocrx_word' id='word_1_139' title='bbox 466 2214 563 2278; x_wconf 90' lang='lat' dir='ltr'><strong>indole</strong></span> <span class='ocrx_word' id='word_1_140' title='bbox 584 2215 723 2298; x_wconf 88' lang='lat' dir='ltr'><strong>paulatim</strong></span> <span class='ocrx_word' id='word_1_141' title='bbox 745 2224 878 2293; x_wconf 83' lang='lat' dir='ltr'><strong>mutata,</strong></span> <span class='ocrx_word' id='word_1_142' title='bbox 893 2225 1037 2298; x_wconf 89' lang='lat' dir='ltr'><strong>quatenus</strong></span> <span class='ocrx_word' id='word_1_143' title='bbox 1052 2214 1103 2278; x_wconf 91' lang='lat' dir='ltr'><strong>illa</strong></span> <span class='ocrx_word' id='word_1_144' title='bbox 1118 2235 1155 2281; x_wconf 88' lang='lat' dir='ltr'><strong>ea</strong></span> <span class='ocrx_word' id='word_1_145' title='bbox 1169 2218 1213 2281; x_wconf 86' lang='lat' dir='ltr'><strong>al-</strong></span> 
     </span>
     <span class='ocr_line' id='line_1_20' title="bbox 173 2313 1212 2399; baseline 0.002 -18"><span class='ocrx_word' id='word_1_146' title='bbox 173 2316 363 2395; x_wconf 87' lang='lat' dir='ltr'><strong>„firmatione</strong></span> <span class='ocrx_word' id='word_1_147' title='bbox 378 2317 500 2395; x_wconf 88' lang='lat' dir='ltr'><strong>nitatur,</strong></span> <span class='ocrx_word' id='word_1_148' title='bbox 516 2314 648 2383; x_wconf 76' lang='lat' dir='ltr'><strong>&#39;fuscam</strong></span> <span class='ocrx_word' id='word_1_149' title='bbox 662 2317 869 2397; x_wconf 88' lang='lat' dir='ltr'><strong>litteraturam,</strong></span> <span class='ocrx_word' id='word_1_150' title='bbox 894 2336 1057 2399; x_wconf 78' lang='lat' dir='ltr'><strong>quaerere</strong></span> <span class='ocrx_word' id='word_1_151' title='bbox 1072 2313 1212 2384; x_wconf 87' lang='lat' dir='ltr'><strong>Umbrica</strong></span> 
     </span>
     <span class='ocr_line' id='line_1_21' title="bbox 119 2414 1210 2504; baseline 0.003 -22"><span class='ocrx_word' id='word_1_152' title='bbox 119 2471 124 2482; x_wconf 82' lang='lat'>.</span> <span class='ocrx_word' id='word_1_153' title='bbox 171 2418 247 2498; x_wconf 92' lang='lat' dir='ltr'><strong>„sit,</strong></span> <span class='ocrx_word' id='word_1_154' title='bbox 265 2419 414 2502; x_wconf 90' lang='lat' dir='ltr'><strong>antiquam</strong></span> <span class='ocrx_word' id='word_1_155' title='bbox 428 2414 607 2483; x_wconf 93' lang='lat' dir='ltr'><strong>Umbrorum</strong></span> <span class='ocrx_word' id='word_1_156' title='bbox 629 2418 899 2504; x_wconf 90' lang='lat' dir='ltr'><strong>pronuntiationem</strong></span> <span class='ocrx_word' id='word_1_157' title='bbox 914 2439 1007 2502; x_wconf 91' lang='lat' dir='ltr'><strong>aeque</strong></span> <span class='ocrx_word' id='word_1_158' title='bbox 1021 2419 1148 2498; x_wconf 88' lang='lat' dir='ltr'><strong>referre,</strong></span> <span class='ocrx_word' id='word_1_159' title='bbox 1166 2432 1210 2485; x_wconf 88' lang='lat' dir='ltr'><strong>at-</strong></span> 
     </span>
     <span class='ocr_line' id='line_1_22' title="bbox 171 2517 1211 2611; baseline 0.001 -26"><span class='ocrx_word' id='word_1_160' title='bbox 171 2543 254 2604; x_wconf 94' lang='lat' dir='ltr'><strong>„que</strong></span> <span class='ocrx_word' id='word_1_161' title='bbox 276 2519 444 2585; x_wconf 87' lang='lat' dir='ltr'><strong>Romanam</strong></span> <span class='ocrx_word' id='word_1_162' title='bbox 464 2521 699 2604; x_wconf 84' lang='lat' dir='ltr'><strong>posteriorem.“</strong></span> <span class='ocrx_word' id='word_1_163' title='bbox 743 2517 905 2604; x_wconf 88' lang='lat' dir='ltr'><strong>Perperam</strong></span> <span class='ocrx_word' id='word_1_164' title='bbox 926 2520 1031 2584; x_wconf 91' lang='lat' dir='ltr'><strong>deinde</strong></span> <span class='ocrx_word' id='word_1_165' title='bbox 1054 2517 1211 2611; x_wconf 81' lang='lat' dir='ltr'><strong>Grotelen-</strong></span> 
     </span>
     <span class='ocr_line' id='line_1_23' title="bbox 170 2619 1211 2705; baseline 0 -18"><span class='ocrx_word' id='word_1_166' title='bbox 170 2624 224 2687; x_wconf 92' lang='lat' dir='ltr'><strong>dus</strong></span> <span class='ocrx_word' id='word_1_167' title='bbox 245 2643 341 2686; x_wconf 92' lang='lat' dir='ltr'><strong>meam</strong></span> <span class='ocrx_word' id='word_1_168' title='bbox 371 2623 407 2687; x_wconf 94' lang='lat' dir='ltr'><strong>de</strong></span> <span class='ocrx_word' id='word_1_169' title='bbox 429 2623 660 2686; x_wconf 89' lang='lat' dir='ltr'><strong>litteraturarum</strong></span> <span class='ocrx_word' id='word_1_170' title='bbox 690 2621 810 2693; x_wconf 89' lang='lat' dir='ltr'><strong>diversa</strong></span> <span class='ocrx_word' id='word_1_171' title='bbox 837 2621 953 2684; x_wconf 90' lang='lat' dir='ltr'><strong>ratione</strong></span> <span class='ocrx_word' id='word_1_172' title='bbox 986 2619 1211 2705; x_wconf 91' lang='lat' dir='ltr'><strong>disputationem</strong></span> 
     </span>
     <span class='ocr_line' id='line_1_24' title="bbox 169 2713 1208 2807; baseline 0.001 -19"><span class='ocrx_word' id='word_1_173' title='bbox 169 2713 301 2788; x_wconf 81' lang='lat' dir='ltr'><strong>confudit</strong></span> <span class='ocrx_word' id='word_1_174' title='bbox 323 2746 390 2788; x_wconf 89' lang='lat' dir='ltr'><strong>cum</strong></span> <span class='ocrx_word' id='word_1_175' title='bbox 412 2723 506 2787; x_wconf 87' lang='lat' dir='ltr'><strong>altera</strong></span> <span class='ocrx_word' id='word_1_176' title='bbox 526 2724 563 2786; x_wconf 89' lang='lat' dir='ltr'><strong>de</strong></span> <span class='ocrx_word' id='word_1_177' title='bbox 577 2719 720 2807; x_wconf 87' lang='lat' dir='ltr'><strong>tempore,</strong></span> <span class='ocrx_word' id='word_1_178' title='bbox 744 2744 801 2807; x_wconf 89' lang='lat' dir='ltr'><strong>quo</strong></span> <span class='ocrx_word' id='word_1_179' title='bbox 815 2720 948 2787; x_wconf 84' lang='lat' dir='ltr'><strong>Tabulae</strong></span> <span class='ocrx_word' id='word_1_180' title='bbox 962 2722 1123 2807; x_wconf 90' lang='lat' dir='ltr'><strong>inscriptae</strong></span> <span class='ocrx_word' id='word_1_181' title='bbox 1137 2724 1208 2789; x_wconf 89' lang='lat' dir='ltr'><strong>sint.</strong></span> 
     </span>
     <span class='ocr_line' id='line_1_25' title="bbox 111 2821 1211 2910; baseline 0.002 -21"><span class='ocrx_word' id='word_1_182' title='bbox 111 2821 115 2826; x_wconf 71' lang='grc'><strong>’</strong></span> <span class='ocrx_word' id='word_1_183' title='bbox 169 2825 300 2908; x_wconf 84' lang='lat' dir='ltr'><strong>Tempus</strong></span> <span class='ocrx_word' id='word_1_184' title='bbox 329 2826 407 2888; x_wconf 91' lang='lat' dir='ltr'><strong>enim</strong></span> <span class='ocrx_word' id='word_1_185' title='bbox 434 2825 540 2910; x_wconf 89' lang='lat' dir='ltr'><strong>partim</strong></span> <span class='ocrx_word' id='word_1_186' title='bbox 568 2848 609 2890; x_wconf 83' lang='lat' dir='ltr'><strong>ex</strong></span> <span class='ocrx_word' id='word_1_187' title='bbox 636 2825 812 2889; x_wconf 88' lang='lat' dir='ltr'><strong>formatione</strong></span> <span class='ocrx_word' id='word_1_188' title='bbox 837 2826 1014 2901; x_wconf 86' lang='lat' dir='ltr'><strong>litterarum,</strong></span> <span class='ocrx_word' id='word_1_189' title='bbox 1037 2826 1143 2908; x_wconf 91' lang='lat' dir='ltr'><strong>partim</strong></span> <span class='ocrx_word' id='word_1_190' title='bbox 1169 2847 1211 2891; x_wconf 83' lang='lat' dir='ltr'><strong>ex</strong></span> 
     </span>
     <span class='ocr_line' id='line_1_26' title="bbox 168 2924 1210 3021; baseline 0.002 -29"><span class='ocrx_word' id='word_1_191' title='bbox 168 2928 396 2992; x_wconf 87' lang='lat' dir='ltr'><strong>commutatione</strong></span> <span class='ocrx_word' id='word_1_192' title='bbox 416 2924 580 2993; x_wconf 79' lang='lat' dir='ltr'><strong>litterarum</strong></span> <span class='ocrx_word' id='word_1_193' title='bbox 603 2951 618 2994; x_wconf 88' lang='lat' dir='ltr'><strong>s</strong></span> <span class='ocrx_word' id='word_1_194' title='bbox 639 2940 669 2994; x_wconf 88' lang='lat' dir='ltr'><strong>et</strong></span> <span class='ocrx_word' id='word_1_195' title='bbox 689 2951 717 3010; x_wconf 91' lang='lat' dir='ltr'><strong>r,</strong></span> <span class='ocrx_word' id='word_1_196' title='bbox 735 2929 879 2995; x_wconf 50' lang='lat' dir='ltr'><strong>*romam</strong></span> <span class='ocrx_word' id='word_1_197' title='bbox 905 2939 936 2993; x_wconf 91' lang='lat' dir='ltr'><strong>et</strong></span> <span class='ocrx_word' id='word_1_198' title='bbox 955 2928 1081 3021; x_wconf 84' lang='lat' dir='ltr'><strong>etruscis</strong></span> <span class='ocrx_word' id='word_1_199' title='bbox 1105 2950 1210 2994; x_wconf 92' lang='lat' dir='ltr'><strong>monu-</strong></span> 
     </span>
     <span class='ocr_line' id='line_1_27' title="bbox 168 3029 1209 3114; baseline 0.004 -21"><span class='ocrx_word' id='word_1_200' title='bbox 168 3029 276 3095; x_wconf 85' lang='lat' dir='ltr'><strong>mentis</strong></span> <span class='ocrx_word' id='word_1_201' title='bbox 297 3031 488 3114; x_wconf 89' lang='lat' dir='ltr'><strong>comparatis,</strong></span> <span class='ocrx_word' id='word_1_202' title='bbox 511 3032 554 3096; x_wconf 88' lang='lat' dir='ltr'><strong>ita</strong></span> <span class='ocrx_word' id='word_1_203' title='bbox 572 3029 694 3097; x_wconf 84' lang='lat' dir='ltr'><strong>delinire</strong></span> <span class='ocrx_word' id='word_1_204' title='bbox 717 3043 841 3097; x_wconf 85' lang='lat' dir='ltr'><strong>conatus</strong></span> <span class='ocrx_word' id='word_1_205' title='bbox 862 3031 942 3110; x_wconf 83' lang='lat' dir='ltr'><strong>sam,</strong></span> <span class='ocrx_word' id='word_1_206' title='bbox 965 3043 998 3095; x_wconf 92' lang='lat' dir='ltr'><strong>ut</strong></span> <span class='ocrx_word' id='word_1_207' title='bbox 1017 3031 1132 3096; x_wconf 87' lang='lat' dir='ltr'><strong>tabulas</strong></span> <span class='ocrx_word' id='word_1_208' title='bbox 1146 3055 1209 3097; x_wconf 88' lang='lat' dir='ltr'><strong>um-</strong></span> 
     </span>
     <span class='ocr_line' id='line_1_28' title="bbox 169 3129 1209 3219; baseline 0.007 -25"><span class='ocrx_word' id='word_1_209' title='bbox 169 3131 249 3196; x_wconf 91' lang='lat' dir='ltr'><strong>brice</strong></span> <span class='ocrx_word' id='word_1_210' title='bbox 270 3133 394 3218; x_wconf 90' lang='lat' dir='ltr'><strong>scriptas</strong></span> <span class='ocrx_word' id='word_1_211' title='bbox 410 3143 527 3216; x_wconf 88' lang='lat' dir='ltr'><strong>quarto,</strong></span> <span class='ocrx_word' id='word_1_212' title='bbox 550 3133 640 3196; x_wconf 92' lang='lat' dir='ltr'><strong>latine</strong></span> <span class='ocrx_word' id='word_1_213' title='bbox 657 3134 782 3219; x_wconf 89' lang='lat' dir='ltr'><strong>scriptas</strong></span> <span class='ocrx_word' id='word_1_214' title='bbox 804 3143 892 3197; x_wconf 80' lang='lat' dir='ltr'><strong>sexto</strong></span> <span class='ocrx_word' id='word_1_215' title='bbox 907 3134 970 3196; x_wconf 86' lang='lat' dir='ltr'><strong>lere</strong></span> <span class='ocrx_word' id='word_1_216' title='bbox 985 3129 1075 3196; x_wconf 86' lang='lat' dir='ltr'><strong>Urbis</strong></span> <span class='ocrx_word' id='word_1_217' title='bbox 1091 3135 1209 3200; x_wconf 90' lang='lat' dir='ltr'><strong>saeculo</strong></span> 
     </span>
     <span class='ocr_line' id='line_1_29' title="bbox 168 3232 1225 3318; baseline 0.005 -22"><span class='ocrx_word' id='word_1_218' title='bbox 168 3232 369 3299; x_wconf 83' lang='lat' dir='ltr'><strong>attribuerem.</strong></span> <span class='ocrx_word' id='word_1_219' title='bbox 414 3232 536 3298; x_wconf 89' lang='lat' dir='ltr'><strong>Nullam</strong></span> <span class='ocrx_word' id='word_1_220' title='bbox 558 3235 708 3318; x_wconf 87' lang='lat' dir='ltr'><strong>hucusque</strong></span> <span class='ocrx_word' id='word_1_221' title='bbox 730 3233 820 3298; x_wconf 87' lang='lat' dir='ltr'><strong>habui</strong></span> <span class='ocrx_word' id='word_1_222' title='bbox 841 3256 961 3301; x_wconf 88' lang='lat' dir='ltr'><strong>causam</strong></span> <span class='ocrx_word' id='word_1_223' title='bbox 983 3256 1035 3298; x_wconf 90' lang='lat' dir='ltr'><strong>cur</strong></span> <span class='ocrx_word' id='word_1_224' title='bbox 1050 3235 1126 3299; x_wconf 93' lang='lat' dir='ltr'><strong>banc</strong></span> <span class='ocrx_word' id='word_1_225' title='bbox 1140 3258 1225 3300; x_wconf 72' lang='lat' dir='ltr'><strong>sen-v</strong></span> 
     </span>
     <span class='ocr_line' id='line_1_30' title="bbox 168 3334 1208 3422; baseline 0.006 -24"><span class='ocrx_word' id='word_1_226' title='bbox 168 3334 288 3399; x_wconf 86' lang='lat' dir='ltr'><strong>tentiam</strong></span> <span class='ocrx_word' id='word_1_227' title='bbox 314 3347 518 3415; x_wconf 85' lang='lat' dir='ltr'><strong>retractarem,</strong></span> <span class='ocrx_word' id='word_1_228' title='bbox 544 3357 634 3419; x_wconf 89' lang='lat' dir='ltr'><strong>quare</strong></span> <span class='ocrx_word' id='word_1_229' title='bbox 657 3336 694 3399; x_wconf 91' lang='lat' dir='ltr'><strong>ad</strong></span> <span class='ocrx_word' id='word_1_230' title='bbox 715 3334 795 3400; x_wconf 94' lang='lat' dir='ltr'><strong>illam</strong></span> <span class='ocrx_word' id='word_1_231' title='bbox 818 3335 1044 3422; x_wconf 89' lang='lat' dir='ltr'><strong>disputationem</strong></span> <span class='ocrx_word' id='word_1_232' title='bbox 1066 3337 1208 3404; x_wconf 88' lang='lat' dir='ltr'><strong>lectorem</strong></span> 
     </span>
     <span class='ocr_line' id='line_1_31' title="bbox 167 3437 615 3524; baseline 0.002 -22"><span class='ocrx_word' id='word_1_233' title='bbox 167 3437 301 3522; x_wconf 85' lang='lat' dir='ltr'><strong>relegare</strong></span> <span class='ocrx_word' id='word_1_234' title='bbox 315 3461 447 3524; x_wconf 92' lang='lat' dir='ltr'><strong>possum.</strong></span> <span class='ocrx_word' id='word_1_235' title='bbox 611 3443 615 3450; x_wconf 82' lang='grc'><em>’</em></span> 
     </span>
    </p>

    <p class='ocr_par' dir='ltr' id='par_1_3' title="bbox 167 3534 1207 3832">
     <span class='ocr_line' id='line_1_32' title="bbox 250 3534 1207 3606; baseline 0 -3"><span class='ocrx_word' id='word_1_236' title='bbox 250 3538 285 3603; x_wconf 93' lang='lat' dir='ltr'><strong>ln</strong></span> <span class='ocrx_word' id='word_1_237' title='bbox 306 3541 406 3605; x_wconf 90' lang='lat' dir='ltr'><strong>tabula</strong></span> <span class='ocrx_word' id='word_1_238' title='bbox 425 3552 529 3606; x_wconf 91' lang='lat' dir='ltr'><strong>nostra</strong></span> <span class='ocrx_word' id='word_1_239' title='bbox 545 3534 673 3605; x_wconf 85' lang='lat' dir='ltr'>XXXI.</span> <span class='ocrx_word' id='word_1_240' title='bbox 700 3560 801 3605; x_wconf 90' lang='lat' dir='ltr'><strong>omnes</strong></span> <span class='ocrx_word' id='word_1_241' title='bbox 823 3538 988 3603; x_wconf 87' lang='lat' dir='ltr'><strong>litterarum</strong></span> <span class='ocrx_word' id='word_1_242' title='bbox 1009 3537 1207 3604; x_wconf 85' lang='lat' dir='ltr'><strong>umbricarum</strong></span> 
     </span>
     <span class='ocr_line' id='line_1_33' title="bbox 167 3639 1205 3729; baseline 0.003 -24"><span class='ocrx_word' id='word_1_243' title='bbox 167 3653 198 3706; x_wconf 91' lang='lat' dir='ltr'><strong>et</strong></span> <span class='ocrx_word' id='word_1_244' title='bbox 211 3659 345 3707; x_wconf 86' lang='lat' dir='ltr'><strong>oscarum</strong></span> <span class='ocrx_word' id='word_1_245' title='bbox 362 3645 484 3723; x_wconf 83' lang='lat' dir='ltr'><strong>formas,</strong></span> <span class='ocrx_word' id='word_1_246' title='bbox 510 3644 611 3729; x_wconf 89' lang='lat' dir='ltr'><strong>quales</strong></span> <span class='ocrx_word' id='word_1_247' title='bbox 633 3643 663 3709; x_wconf 94' lang='lat' dir='ltr'><strong>in</strong></span> <span class='ocrx_word' id='word_1_248' title='bbox 684 3640 880 3709; x_wconf 90' lang='lat' dir='ltr'><strong>monumentis</strong></span> <span class='ocrx_word' id='word_1_249' title='bbox 896 3639 1085 3722; x_wconf 84' lang='lat' dir='ltr'><strong>exhibentur,</strong></span> <span class='ocrx_word' id='word_1_250' title='bbox 1103 3653 1205 3709; x_wconf 92' lang='lat' dir='ltr'><strong>contu-</strong></span> 
     </span>
     <span class='ocr_line' id='line_1_34' title="bbox 167 3740 1204 3832; baseline 0.005 -25"><span class='ocrx_word' id='word_1_251' title='bbox 167 3743 263 3822; x_wconf 91' lang='lat' dir='ltr'><strong>limus,</strong></span> <span class='ocrx_word' id='word_1_252' title='bbox 281 3757 311 3809; x_wconf 91' lang='lat' dir='ltr'><strong>et</strong></span> <span class='ocrx_word' id='word_1_253' title='bbox 325 3746 484 3811; x_wconf 91' lang='lat' dir='ltr'><strong>secundum</strong></span> <span class='ocrx_word' id='word_1_254' title='bbox 503 3746 635 3814; x_wconf 91' lang='lat' dir='ltr'><strong>ordinem</strong></span> <span class='ocrx_word' id='word_1_255' title='bbox 650 3747 815 3814; x_wconf 83' lang='lat' dir='ltr'><strong>natmalem</strong></span> <span class='ocrx_word' id='word_1_256' title='bbox 830 3743 1037 3832; x_wconf 84' lang='lat' dir='ltr'><strong>disposuimus.</strong></span> <span class='ocrx_word' id='word_1_257' title='bbox 1063 3740 1204 3831; x_wconf 76' lang='lat' dir='ltr'><strong>Singulae</strong></span> 
     </span>
    </p>
   </div>
   <div class='ocr_carea' id='block_1_3' title="bbox 206 4071 522 4140">
    <p class='ocr_par' dir='ltr' id='par_1_4' title="bbox 206 4071 522 4140">
     <span class='ocr_line' id='line_1_35' title="bbox 206 4071 522 4140; baseline 0.009 -19"><span class='ocrx_word' id='word_1_258' title='bbox 206 4091 209 4094; x_wconf 54' lang='lat'><em>&lt;</em></span> <span class='ocrx_word' id='word_1_259' title='bbox 236 4071 260 4133; x_wconf 80' lang='lat' dir='ltr'><strong>i)</strong></span> <span class='ocrx_word' id='word_1_260' title='bbox 280 4071 349 4123; x_wconf 65' lang='lat' dir='ltr'><strong>raet.</strong></span> <span class='ocrx_word' id='word_1_261' title='bbox 371 4073 390 4125; x_wconf 85' lang='grc' dir='ltr'><strong>ι.</strong></span> <span class='ocrx_word' id='word_1_262' title='bbox 418 4089 443 4140; x_wconf 77' lang='lat' dir='ltr'><strong>p.</strong></span> <span class='ocrx_word' id='word_1_263' title='bbox 463 4074 522 4138; x_wconf 43' lang='lat' dir='ltr'><strong>aa,</strong></span> 
     </span>
    </p>
   </div>
   <div class='ocr_carea' id='block_1_4' title="bbox 0 0 1384 4754">
    <p class='ocr_par' dir='ltr' id='par_1_5' title="bbox 0 0 1384 4754">
     <span class='ocr_line' id='line_1_36' title="bbox 0 0 1384 4754; baseline 0 2"><span class='ocrx_word' id='word_1_264' title='bbox 0 0 1384 4754; x_wconf 95' lang='lat' dir='ltr'><strong> </strong></span> 
     </span>
    </p>
   </div>
  </div>
 </body>
</html>
