2760 4754
563 315 668 365 uum
686 316 844 371 ¹‹transeant--
1126 276 1128 281 ¹
1150 301 1213 368 111

171 473 278 554 genter
297 463 424 527 observa
443 463 555 527 incolas
577 484 630 547 per
645 461 837 549 Campaniam
851 485 971 549 sparsos
986 464 1096 532 Nolam
1111 470 1210 553 impri-

171 566 229 630 mis
251 565 363 649 fugisse
385 576 471 649 atquc
485 565 656 650 Neapolim,
680 568 756 649 quod
772 589 825 632 cac
841 568 928 632 urbes
944 571 1104 635 communis
1120 571 1209 654 origi·

172 668 219 731 nis
235 666 369 732 Graecae
384 668 502 731 vinculo
517 667 652 732 cumillis
668 681 812 753 cognatae
832 677 956 735 essent.
979 669 1104 735 Exclusi
1128 671 1169 733 illi
1192 690 1208 734 a

172 767 277 854 Capua
292 765 465 847 Samnitica,
489 771 600 854 recepti
614 783 683 834 sunt
704 793 722 834 a
737 768 843 836 Cumis
856 770 992 836 Graecis.
1029 770 1118 835 Anno
1141 784 1209 836 autc

118 904 121 909 ·
172 869 248 937 Chr.
264 869 328 936 2111
342 871 475 938 Nuceria
496 873 592 936 diruta
606 885 670 952 est,
691 873 807 938 incolae
828 871 958 938 Atellam
980 896 1087 938 novam
1110 864 1208 939 sedern

170 985 347 1058 quaerentes
366 974 578 1057 migraverunt.
622 973 769 1040 Nummos
792 997 847 1040 nec
869 976 959 1039 aetati
981 997 1035 1070 nec
1056 978 1207 1062 systemati

171 1074 306 1161 Capuae,
323 1073 452 1156 Atellae,
471 1072 605 1140 Calatiae
621 1077 769 1161 adsignari
784 1099 883 1162 posse,
902 1099 1002 1142 eorum
1018 1079 1114 1157 stilus,
1132 1080 1204 1164 typi,

170 1179 354 1264 globulorum
369 1178 499 1242 defectus
515 1179 677 1242 clarissime
692 1190 869 1244 monstrant.
899 1177 990 1262 Atqui
1004 1175 1120 1245 illarum
1135 1197 1206 1264 quas

154 1282 235 1345 'dixi
255 1281 368 1345 urbium
390 1281 501 1344 nummi
521 1291 590 1343 ante
610 1303 640 1345 a.
656 1281 719 1345 211
740 1282 804 1345 cusi
818 1293 898 1345 sunt.
920 1281 1210 1365 *Hinc'setpneretnry
1255 1290 1260 1301 '

170 1395 204 1447 nt
222 1383 366 1464 Nucerini
389 1383 426 1445 ad
448 1393 581 1465 tempora
601 1383 708 1446 referri
729 1384 869 1447 deberent
891 1384 1074 1468 posteriora,
1104 1385 1207 1468 quibos

170 1486 242 1550 urbs
257 1486 315 1548 iam
330 1485 425 1548 diruta
440 1495 520 1548 erat:
544 1483 573 1546 id
589 1486 665 1566 quod
679 1507 784 1570 porsus
800 1497 846 1550 est
859 1486 1042 1549 incredibile.
1101 1540 1102 1544 ,

255 1578 536 1670 Compulteria.
580 1585 704 1650 Nummi
731 1589 782 1672 qni
807 1588 874 1650 huic
900 1587 965 1650 urbi
989 1587 1204 1663 adscribuntur,

168 1691 289 1754 eosdem
311 1700 432 1772 prorsus
452 1688 610 1752 ostendunt
630 1699 736 1773 typos,
772 1712 845 1774 quos
867 1689 931 1754 osci
951 1687 1064 1768 Teani,
1095 1711 1155 1754 una
1176 1689 1206 1753 in

170 1803 253 1877 parte
275 1802 362 1874 caput
382 1787 548 1873 Apollinis,
581 1790 612 1855 in
632 1791 726 1856 altera
745 1803 861 1856 taurum
890 1803 921 1854 ot
941 1812 1031 1876 supra
1059 1791 1207 1855 volantem

170 1892 352 1960 Victoriam..
376 1891 425 1956 Ab
446 1890 582 1976 lgnarra,
606 1890 777 1974 Pellcrinio,
800 1893 946 1958 Echhclio
959 1897 997 1976 1),
1020 1893 1207 1979 Avellini02)

169 2005 326 2091 epigraphe
349 1995 611 2068 liumellernum
634 2002 801 2086 legebatur,
826 2014 856 2066 et
878 2002 986 2068 nummi
1010 1999 1140 2067 Cumis
1156 2003 1207 2070 ,ad

168 2097 384 2182 Liternum*
399 2112 469 2176 olim
497 2098 741 2176 attribuebantur.
786 2110 910 2177 Rectius
943 2111 1078 2195 legerunt
1105 2107 1205 2192 Uhde·

168 2240 243 2296 nus,
282 2213 429 2281 Sestinins
440 2219 485 2298 ³),
525 2208 840 2299 Schuchagrollnsr),
870 2225 989 2298 etpost
1010 2234 1062 2278 cos
1088 2210 1205 2277 Arelli·

169 2321 234 2387 nius
247 2322 289 2402 ⁵),
315 2318 363 2401 qui
385 2338 442 2381 sex
461 2317 598 2400 exempla
619 2317 704 2406 huius
726 2318 837 2381 nummi
859 2317 978 2381 diversa
998 2314 1109 2392 laudat,
1134 2336 1205 2398 quo-

166 2454 233 2498 rum
254 2429 412 2524 epigraphe
434 2439 481 2492 est
501 2422 770 2520 Kupelternum.»
801 2420 1093 2512 Exemplumpuod
1106 2424 1137 2486 in
1152 2445 1205 2488 no·

167 2554 231 2607 stra
251 2541 351 2604 tabula
371 2537 435 2602 No.
452 2537 506 2603 34.
523 2537 720 2616 exhibuimus,
743 2535 867 2601 Parisiis
889 2546 1000 2600 exstat.
1044 2532 1091 2597 Dc
1114 2531 1204 2599 Com·

169 2642 294 2728 pulteria
304 2637 572 2716 velCombulteria
588 2639 670 2718 urbe,
694 2659 769 2728 quae
789 2636 910 2702 aLirio
920 2643 946 2720 ⁶)
962 2646 1151 2712 memoratur,
1176 2646 1205 2698 et

167 2745 252 2810 cuius
272 2742 388 2806 incolae
410 2761 429 2804 a
449 2738 545 2804 Plinio
558 2742 583 2823 ⁷)
607 2737 860 2806 Cubulterini
882 2738 1089 2816 nominantur,
1114 2737 1203 2800 adeas

168 2965 227 3018 que,
247 2948 358 3015 Capuam
376 2945 512 3013 petissent,
532 2944 728 3012 exclusivrinde,
747 2945 813 3011 quod
832 2951 920 3012 portas
938 2943 1077 2995 Hannibali
1095 2942 1203 3004 clausis-

166 3043 242 3095 sent,
263 3025 402 3085 Cumas'se
421 3031 596 3082 contulerunt.
632 3026 690 3080 Liv.
711 3025 821 3081 XXVII.
841 3030 867 3082 3.
886 3028 1030 3082 Nucerinos
1049 3036 1076 3079 et
1093 3022 1203 3078 Acerra-

167 3137 213 3172 nos
232 3126 384 3187 querentes,
404 3118 447 3168 nbi
465 3117 630 3179 habitarent,
650 3130 700 3164 non
719 3130 793 3182 esse,
812 3116 917 3186 Acerris
935 3131 967 3166 ex
986 3122 1060 3181 parte
1078 3113 1200 3175 incensis,

166 3206 279 3258 Nuceria
303 3204 406 3268 deleta,
432 3189 537 3253 nonin
554 3188 661 3251 Fulvius
684 3190 853 3253 alienatum
871 3202 951 3252 misit.
988 3199 1127 3251 Acerranis
1146 3214 1202 3264 per-

141 3269 152 3276 *
165 3293 281 3355 missum,
300 3297 330 3340 ut
346 3288 525 3346 aedificarent,
545 3301 610 3351 quae
628 3286 735 3336 incensa
752 3295 842 3338 erant:
861 3286 985 3338 Nucerini
999 3285 1121 3356 Atellam,
1141 3285 1199 3349 quia

166 3379 192 3429 id
210 3376 366 3438 maluerant,
385 3371 525 3436 (Atellanis
543 3369 669 3423 Galatiam
687 3371 799 3436 migrare
817 3372 906 3433 iussis)
925 3371 1047 3425 traducti.

236 3463 261 3526 1)
279 3460 311 3510 D.
332 3456 364 3510 N.
386 3457 406 3509 l.
426 3473 451 3524 p.
473 3455 531 3508 111.

232 3547 260 3611 2)
278 3544 339 3598 ltal.
358 3549 413 3598 vet‘.
432 3543 550 3594 numism.
571 3541 651 3594 Distr.
673 3540 764 3609 111,).
784 3543 825 3594 33.

234 3632 260 3698 3)
279 3631 348 3681 Lett.
369 3629 486 3680 numism.
506 3634 568 3680 tom.
588 3627 659 3680 Vlll.
680 3645 705 3695 p.
728 3628 784 3681 136.

233 3717 259 3782 1)
276 3717 404 3767 Annalen.
423 3714 452 3766 P.
473 3712 506 3766 ll.
525 3730 550 3779 p.
572 3712 613 3766 16.
1140 3728 1149 3744 ³

235 3803 260 3868 5)
278 3801 404 3854 Addenda
416 3801 450 3850 ad
463 3801 514 3851 vol.
530 3797 551 3849 l.
567 3798 627 3851 ltal.
641 3809 693 3853 vet.
710 3816 779 3852 nuru.
794 3816 818 3867 p.
831 3799 871 3851 98,
888 3804 914 3847 et
927 3795 1055 3863 Supplenr.
1071 3792 1103 3843 acl
1116 3793 1167 3844 rol.
1179 3791 1197 3843 1.

166 3891 224 3942 ltal.
245 3897 296 3941 vet.
317 3904 386 3939 num.
405 3903 430 3952 p.
451 3886 476 3954 1.
498 3956 507 3962 ἱ
864 3908 866 3914 ·

234 3974 260 4039 b)
279 3973 336 4025 Lib.
355 3970 455 4035 XXlll,
475 3970 517 4024 39.
539 3969 635 4035 XXIV,
655 3971 697 4024 20.

235 4057 261 4123 7)
281 4058 311 4109 ll.
325 4057 364 4111 N.
384 4055 431 4122 lll,
452 4055 503 4143 ¹⁹2
