2760 4754
409 971 629 1070 rans
678 949 995 1069 aarum

176 1248 179 1254 ,
237 1217 302 1299 A.
341 1184 785 1307 ruscumrronus
814 1212 1130 1300 umnurcan.

262 1434 265 1440 ·
362 1413 405 1482 l.
448 1411 677 1483 neumae
698 1409 1016 1499 muguulnae.

556 1565 649 1650 (ran.
673 1563 826 1652 1-1111.)

253 1750 336 1817 luter
355 1763 542 1820 monumenta
562 1774 623 1817 uon
643 1763 758 1817 tautum
779 1747 941 1830 Umbriae,
964 1751 1034 1830 sed,
1063 1749 1209 1816 Romanis

169 1853 322 1937 exceptis,
346 1853 435 1917 totius
450 1856 560 1918 veteris
575 1852 679 1918 ltaliae
694 1852 849 1938 Iguvinum
871 1852 958 1930 illud,
982 1853 1058 1935 quod
1078 1853 1110 1916 iu
1130 1853 1209 1937 priu-

168 1954 245 2040 cipio
268 1955 448 2019 collectionis
474 1967 595 2020 nostrae
617 1957 784 2040 posuimus,
809 1953 873 2017 sive
893 1953 1123 2037 magnitudinem
1145 1954 1210 2018 sive

168 2055 367 2141 integritatem
398 2057 510 2120 aliasve
534 2057 668 2121 internas
698 2067 728 2121 et
754 2066 895 2120 externas
919 2056 1043 2118 virtutes
1070 2054 1206 2139 respicis,

169 2157 257 2242 longe
276 2169 323 2221 est
342 2154 636 2242 praestantissimum.
668 2155 737 2240 Qua
752 2157 787 2221 de
803 2158 893 2221 causa
915 2154 1209 2221 anu01837meuse

168 2244 410 2344 septembri‘iter
428 2261 553 2324 fecimus
572 2260 604 2323 in
628 2260 730 2323 urbem
744 2257 923 2342 Eugubium,
933 2278 1019 2322 ‘nuuc
1034 2255 1150 2323 Gubbio
1166 2258 1209 2321 di-

134 2437 136 2441 ,
169 2370 255 2440 etam,
266 2361 304 2426 ,ad
318 2360 426 2425 montis
433 2360 584 2446 Apennini
595 2362 711 2425 radices
725 2361 756 2423 in
771 2357 993 2443 septentrionali
1008 2359 1116 2442 angulo
1127 2370 1209 2425 vete·

167 2461 211 2544 ris
226 2457 366 2526 Umbriae
382 2462 583 2526 cismontauae
598 2464 702 2540 sitam,
721 2460 762 2524 ibi
777 2471 810 2524 ut
824 2459 1045 2524 celeberrimum
1060 2461 1131 2524 illud
1146 2483 1209 2525 mo·

105 2581 107 2588 “
167 2574 338 2629 numentum
352 2564 445 2627 oculis
459 2564 516 2647 ipsi
529 2564 698 2626 videremus
713 2572 744 2624 et
757 2572 883 2646 ectypon
897 2560 1019 2622 chartae
1033 2561 1209 2645 impressum

167 2665 366 2730 efficeremus.
411 2661 460 2725 Ad
482 2663 513 2726 id
535 2683 608 2747 opus
630 2658 830 2747 peragendum
851 2680 966 2723 summa
985 2681 1052 2723 cum
1075 2661 1208 2746 benigni-

128 2780 130 2783 ·
167 2775 231 2830 tate
249 2763 390 2844 admissi,
414 2764 602 2830 nobilissimis
623 2763 757 2848 inprimis
780 2761 934 2826 comitibus
956 2761 992 2825 de
1005 2759 1098 2826 Benis
1113 2763 1208 2828 maxi·

168 2871 247 2932 mam
258 2888 312 2930 nos
324 2865 433 2930 babere
443 2867 578 2952 gratiam,
597 2867 647 2930 vel
661 2866 760 2946 bodie,
785 2859 911 2948 quatuor
925 2863 1010 2928 annis
1025 2875 1093 2950 post
1106 2865 1208 2947 luben·
1324 2940 1327 2944 ,

169 2968 281 3034 tissime
296 2969 480 3053 profitemur,
1175 3022 1178 3033 .
1241 3008 1245 3018 ι

253 3067 344 3133 Auno
356 3069 440 3135 1444
456 3075 482 3160 ¹)
494 3071 525 3135 in
536 3070 730 3135 subterranea
744 3066 999 3132 concameratione
1014 3079 1126 3152 septem
1140 3068 1190 3132 illa

167 3169 313 3249 laminae,
338 3191 379 3234 ex
400 3194 469 3237 aere
491 3172 648 3258 purissimo
671 3173 786 3248 iactae,
814 3170 920 3234 litteris
943 3169 1048 3254 partim
1070 3171 1207 3248 umbrieis

167 3272 275 3359 partim
297 3271 591 3358 latinisiuscriptae,
615 3274 694 3337 nullo
709 3273 776 3337 loco
791 3274 904 3336 fractae
917 3272 973 3356 vel»
981 3271 1136 3350 contritae,
1160 3293 1208 3336 re·

167 3385 270 3461 pertae
286 3383 365 3437 sunt.
400 3369 512 3455 Quanti
527 3375 699 3439 aestimatae
714 3374 823 3438 inerint
836 3373 904 3436 iude
920 3392 939 3435 a
953 3373 1047 3454 primo
1061 3373 1207 3439 inventio-

168 3477 216 3541 nis
236 3485 387 3559 tempore,
412 3477 617 3540 documentum
640 3477 752 3540 iaciunt
773 3475 909 3546 emtionis
928 3474 1043 3537 litterae
1062 3474 1094 3538 iu
1108 3496 1207 3539 secre-

167 3578 244 3642 tiore
265 3576 395 3663 Eugnbii
415 3578 560 3642 tabulario
583 3579 677 3644 adbuc
699 3580 891 3654 adservatae,
914 3575 943 3638 in
965 3574 1068 3659 quibus
1083 3575 1207 3661 primum

168 3700 373 3768 possessorem
391 3680 440 3746 vel
460 3680 549 3746 unum
564 3679 720 3766 exprimis
736 3699 813 3743 anuo
830 3673 914 3741 1456
928 3676 982 3740 bas
997 3687 1110 3762 septem
1125 3679 1207 3742 tabu-

120 3893 124 3899 ’
178 3933 179 3937 1
196 3955 199 3958 .
222 3892 248 3957 1)
264 3889 371 3943 Antonii
384 3852 501 3944 doncioli
516 3885 704 3944 annotationes
719 3891 745 3941 in
759 3889 864 3942 statuta
881 3887 997 3939 civitatis
1011 3886 1131 3950 Eusebii.
1152 3889 1206 3941 Ma.

145 4008 149 4013 ,
170 3983 285 4028 ceratae.
306 3975 382 4029 tota.

982 4057 999 4120 1
