2760 4754
506 322 636 367 srrnuus
658 322 700 364 nn
722 322 902 365 normanno
1156 301 1224 366 1ὅὸ

413 558 624 658 sonans
654 571 704 640 et
728 565 996 654 aspiratae.
1063 623 1066 630 .

271 734 313 804 Η·.
343 724 484 826 Umbrica
504 749 577 803 nota
595 737 742 802 Etruscae
773 737 877 802 similis
906 749 965 816 est,
997 760 1069 803 osca
1097 737 1224 828 Latinae

187 846 218 906 'et
232 828 379 907 Graecae.
409 841 446 905 ln
465 843 523 926 fine
544 841 702 905 verborum
721 861 782 903 non
804 838 970 919 invenitur3
993 839 1025 902 in
1039 840 1143 904 mediis
1157 862 1226 904 ver-

186 943 232 1030 bis
255 955 370 1008 tantum
390 955 459 1007 ante
481 922 613 1021 vocales,
639 941 762 1026 liquidas
786 951 816 1004 et
838 951 850 1004 t
870 952 1001 1024 apparet.
1030 939 1078 1027 De
1093 942 1112 1006 h
1127 943 1227 1006 littera
1345 999 1347 1002 ,

185 1024 361 1131 interposita
380 1045 410 1109 in
430 1045 551 1130 syllabis
573 1044 655 1122 aha,
680 1043 760 1120 eho,
783 1041 838 1105 ibi
859 1063 912 1126 pro
928 1021 1106 1127 simplicibus
1123 1066 1152 1123 a,
1170 1065 1198 1123 c,
1215 1043 1225 1106 i

187 1148 291 1211 confer
305 1168 380 1231 quae
395 1146 458 1209 dixi
472 1145 504 1209 in
517 1143 602 1209 Diss.
627 1146 662 1208 de
676 1141 774 1207 Tabb.
791 1141 871 1227 ling.
889 1166 918 1229 p.
933 1142 977 1210 92
991 1167 1056 1228 sqq.
1080 1144 1111 1208 A
1125 1146 1227 1229 lingua

186 1264 259 1313 osca
281 1249 353 1312 haec
373 1241 520 1312 vocalium
542 1241 705 1320 distractio,
730 1267 815 1328 ιιιιιιιιι
837 1245 925 1308 etiam
945 1246 976 1308 in
991 1247 1088 1310 latinis
1104 1247 1224 1310 verbis:
1299 1264 1304 1268 ’

186 1350 408 1434 prehendo,
433 1350 660 1426 vehemens,
690 1346 807 1423 nihil,
840 1348 1003 1427 cohors,
1032 1347 1155 1421 mehe,
1184 1347 1224 1411 al.

185 1460 340 1538 babemus,
358 1461 454 1523 aliena
469 1480 536 1523 esse
549 1459 683 1522 videtur.
713 1456 749 1521 In
764 1456 867 1520 mediis
882 1457 981 1521 verbis
1002 1469 1049 1520 est
1069 1458 1118 1520 in:
1143 1450 1226 1522 ahv-

186 1572 298 1665 diuni,
326 1571 463 1663 uhtred,
492 1572 635 1663 seihdis,
664 1570 812 1660 loibum,
840 1568 1070 1666 uibl'imlups,
1090 1572 1223 1667 pibone.

270 1684 316 1749 X.
340 1686 425 1752 Haec
439 1689 538 1751 littera
551 1711 581 1804 x,
598 1707 673 1772 quac
687 1685 824 1749 Etruscis
840 1686 1078 1776 frequentissima
1094 1686 1158 1763 luit,
1175 1706 1227 1748 ne-

186 1809 243 1871 que
256 1789 286 1852 in
296 1776 438 1855 Umbrica
452 1807 550 1871 neque
564 1790 596 1852 in
605 1774 687 1851 Osca
702 1783 865 1850 litteratura
879 1788 1037 1872 reperitur.
1055 1782 1152 1849 Unica
1166 1808 1229 1849 vox

183 1893 371 1992 [ναίνεχι
362 1903 505 1967 rutabula
518 1900 677 1984 Eugubina
690 1895 1026 1984 tht‚1.excipienua
1040 1907 1101 1971 cst
1130 1893 1229 1978 Quum

186 2008 345 2074 coniuncta
360 2011 469 2075 sithoc
488 2011 519 2074 in
532 2010 625 2075 verbo
641 2031 707 2072 cum
722 2030 737 2072 s
752 2008 862 2086 littera,
879 2030 940 2072 non
954 2018 1051 2092 potest
1064 2030 1088 2071 x
1101 2008 1234 2088 litteram*
1250 2088 1252 2092 Α

186 2119 309 2184 latinam
330 2121 557 2205 significavissc.
589 2116 729 2183 Umbrice
750 2120 852 2183 eadem
866 2140 931 2183 vox
951 2111 1100 2185 tratrets
1120 2121 1234 2205 scripta*

166 2241 244 2308 ·est,
267 2215 300 2294 ii
321 2253 379 2314 qua
401 2232 423 2301 k
445 2252 498 2314 pro
521 2253 540 2312 χ
561 2230 690 2314 ponitur.
719 2228 853 2312 Apparet
866 2227 935 2291 inde
950 2249 1088 2311 graecum
1105 2239 1135 2292 ct
1149 2239 1228 2293 etrus

186 2354 270 2397 scum
283 2333 380 2417 potius
396 2333 488 2395 luisse
504 2353 608 2394 sonum
623 2332 709 2394 huius
724 2316 852 2394 litterae.
879 2328 988 2412 Neque
1002 2330 1033 2392 id
1048 2329 1154 2393 mirum
1168 2341 1226 2408 est,

186 2450 274 2517 quum
294 2435 327 2498 in
347 2434 440 2498 latina
462 2454 577 2516 quoqne
600 2434 765 2498 litteratura
778 2455 802 2496 ιι
817 2433 886 2496 olim
907 2455 925 2514 χ
945 2431 1186 2516 pronuntiaretur
1199 2442 1231 2496 et

186 2558 253 2601 oum
277 2558 292 2600 s
314 2546 456 2620 sequente
477 2536 718 2618 coniungeretur,
741 2536 826 2600 utin
848 2555 1026 2612 saxsum,
1053 2535 1227 2614 exstrad,

185 2659 291 2703 sexs.
315 2642 382 2722 (pro
405 2638 704 2720 sexsaginra)1.)

269 2737 306 2805 In
320 2741 486 2804 litteratura
502 2734 648 2802 Oscorum
664 2738 757 2802 latina
770 2746 841 2800 nota
855 2733 900 2798 X.
917 2758 978 2799 non
993 2757 1062 2799 raro
1077 2713 1227 2813 scribitur,

185 2861 280 2923 neque
301 2851 400 2904 tamen
420 2864 438 2923 χ
459 2863 564 2904 sonum
586 2840 699 2918 habuit,
724 2860 815 2923 quare
829 2838 931 2902 inlra
922 2849 1001 2902 mter
1015 2838 1167 2902 sibilantes
1181 2856 1230 2900 re·

186 2942 301 3006 censita
314 2954 361 3006 cst
375 2943 449 3006 baec
463 2943 572 3006 littera.

273 3048 312 3106 Θ.
335 3041 389 3107 Bis
412 3055 521 3108 tantum
541 3045 573 3108 in
589 3043 694 3109 tabulis
709 3042 874 3125 Eugubinis
890 3044 964 3107 baec
978 3043 1077 3107 littera
1093 3040 1229 3119 habetur,

182 3153 215 3216 in
243 3150 438 3244 puuluviuu
471 3155 548 3237 (tab.
573 3153 630 3232 IV,
661 3151 731 3237 20),
756 3154 832 3236 quod
860 3155 893 3217 in
922 3177 1029 3219 novem
1059 3153 1124 3217 aliis
1153 3151 1229 3216 locis
1336 3147 1339 3154 ’

182 3268 362 3364 purtuvitu
391 3287 422 3339 et
441 3276 472 3338 in
494 3276 593 3339 latinis
615 3275 723 3339 tabulis
749 3268 943 3362 purdouitu
970 3275 1120 3351 scribitur,
1147 3285 1178 3338 et
1198 3274 1232 3338 in

184 3383 312 3461 furfa&
328 3391 403 3471 (tab.
420 3388 469 3468 ll’,
487 3391 534 3474 1.)
551 3394 626 3474 qnod
642 3391 734 3454 latine
750 3390 889 3454 scribitur
900 3383 1045 3483 sursunt
1066 3392 1143 3472 (tab.
1153 3388 1226 3471 Vll,

182 3497 253 3581 43).
276 3496 415 3563 Diximus
429 3501 489 3563 iam
504 3521 604 3584 supra,
620 3499 668 3562 nbi
685 3500 720 3562 de
735 3522 764 3562 m
779 3500 878 3561 littera
892 3499 1022 3582 egimus,
1035 3501 1111 3563 banc
1126 3509 1226 3564 notam

184 3610 332 3665 etr-oscam
356 3601 452 3686 potius
474 3622 561 3683 qnam
574 3601 736 3664 umbricam
751 3601 857 3665 videri.
891 3594 1178 3682 Pronuntiationcm,
1195 3611 1229 3669 ut

183 3701 376 3766 iuetrnscaet
384 3701 612 3786 graecalingua,
629 3703 746 3788 anglico
753 3704 786 3769 th
793 3722 868 3767 sono
876 3724 937 3768 non
950 3703 1121 3770 dissimilem
1135 3704 1231 3772 uisse

144 3963 147 3966 ’
256 3974 282 4041 l)
300 3973 398 4028 Videas
412 3978 443 4028 ue
457 3978 529 4028 tnbb.
543 3976 608 4042 Eun.
628 3993 654 4046 p.
669 3979 712 4032 66.
723 3977 765 4032 ot.
781 3983 808 4031 et
819 3991 886 4045 quoe
899 3971 954 4032 dixi
966 3994 991 4030 ιι
1005 3977 1074 4031 llull.
1088 3978 1149 4031 dell’
1161 3974 1226 4032 lost.

184 4059 264 4111 Arcb.
282 4061 357 4115 1836.
378 4061 480 4126 Luglio.
499 4078 524 4129 p·
540 4063 599 4118 127.
