2760 4754
307 329 329 390 Ω
608 343 845 388 succurreremus
865 341 1039 386 umnnruan.

308 495 353 558 las
369 492 480 557 civitati
494 490 670 575 Euguhinae
684 490 853 554 vendidisse
869 499 899 552 et
920 499 1051 567 „contra
1065 489 1177 552 linctus
1191 487 1302 551 reditus
1318 498 1348 550 et

282 595 288 609 '
308 605 467 680 proventus
490 615 542 678 pro
565 593 710 656 hiennio“
736 602 882 654 certorum
905 611 1081 674 pascuorum
1103 589 1253 674 accepisse
1275 589 1348 672 legi-

187 699 196 711 ‘
257 740 260 747 ·
308 703 423 779 mus1).

392 794 499 879 Longo
514 793 688 877 interposito
703 792 843 876 temporis
863 791 959 875 spatio
974 786 1005 854 J.
1022 789 1185 876 Lipsius
1196 795 1223 875 2)
1238 791 1347 874 primns

309 897 460 980 evulgavit
480 908 592 979 partem
614 893 809 959 tabularum
801 914 832 954 m
847 887 953 955 Smetii
975 894 1160 976 antiquarum
1181 892 1348 978 inscriptio-

308 1021 378 1063 num
393 998 467 1061 lihro
483 997 648 1082 posthumo
677 993 903 1060 ttabesibit.01
918 991 1103 1060 XXXVIII
1118 995 1247 1059 tabulam
1262 1016 1348 1078 quar-

309 1111 368 1164 tam
392 1099 527 1164 umbricis
549 1098 654 1161 litteris
675 1107 830 1160 exaratam
852 1108 882 1158 et
901 1070 1024 1158 s'uhinde
1039 1109 1155 1161 sextam
1170 1097 1260 1161 latine
1275 1096 1348 1159 scri-

309 1213 399 1285 ptam.
444 1199 614 1284 Exscripsit
643 1198 762 1288 easdem
783 1195 898 1259 tabulas
927 1194 1155 1287 Gruterus³)
1184 1219 1225 1261 ex
1252 1195 1348 1281 Lipsii

310 1302 403 1379 libro,
427 1301 523 1383 ibique
536 1298 690 1365 subiunxit
705 1318 770 1362 eam
783 1291 903 1362 tabulae
918 1296 1037 1380 quintae
1052 1309 1177 1385 partem,
1194 1319 1268 1383 quac
1283 1299 1348 1363 lati·
1372 1333 1375 1338 ·

310 1403 356 1465 nis
378 1403 482 1467 litteris
505 1402 614 1486 scripta
636 1412 697 1479 est,
722 1411 752 1463 et
774 1421 861 1483 quam
881 1399 997 1463 aliunde
1017 1412 1182 1487 acceperat.
1218 1398 1349 1465 Primum

309 1504 476 1588 explicandi
496 1502 654 1588 pericnlum
678 1498 1041 1585 iecithernartlinns
1062 1500 1267 1586 Baldus⁴),
1297 1505 1350 1567 sed

310 1627 348 1668 ne
363 1607 476 1669 htteras
492 1605 607 1688 quidem
623 1604 769 1667 umbricas
792 1603 966 1666 divinareis
991 1605 1103 1688 potnit,
1136 1605 1226 1668 multo
1253 1606 1349 1669 minus

310 1707 484 1770 sententias.
529 1704 636 1788 Neque
660 1704 773 1769 felicior
795 1705 849 1768 luit
870 1704 936 1782 hoc
956 1705 987 1767 in
1016 1716 1124 1770 conatu
1151 1705 1350 1772 Adrianus

311 1805 542 1873 Soriechins
552 1812 588 1884 ⁵),
613 1807 662 1890 qui
677 1828 756 1871 anno
771 1806 904 1889 sequenti
918 1805 1048 1870 ιιιιιιΙιιι
1062 1808 1216 1893 septimam
1230 1809 1351 1874 latinam

303 1912 517 1996 interpretatus
530 1908 761 1991 antiquissimam
774 1908 888 1973 scilicet
901 1908 1031 1992 linguam
1044 1909 1190 1994 belgium
1201 1911 1350 1975 detexisse

311 2012 366 2074 sihi
381 2012 463 2076 visus
478 2021 534 2074 est.

394 2111 469 2176 Post
482 2113 628 2193 integrum
644 2110 794 2174 saeculum
808 2107 1012 2194 Philippus
1026 2108 1226 2176 Bonarota
1240 2114 1350 2198 primns

310 2236 413 2278 omnes
437 2214 551 2278 tabulas
572 2235 639 2277 cum
654 2213 748 2276 doctis
764 2210 990 2276 communicavit
1008 2211 1040 2275 in
1060 2211 1284 2299 Dempsteri
1302 2215 1350 2280 De

310 2315 434 2381 Etruria
447 2315 556 2399 Regali
570 2335 659 2398 opere
673 2315 828 2397 posthumo
839 2319 880 2394 ⁶).
917 2311 1020 2398 Typos
1042 2314 1244 2380 characterum
1260 2337 1351 2380 excu-

311 2417 422 2479 dendus
437 2417 563 2492 curavit,
583 2416 782 2498 „archetype
801 2425 832 2478 nt
844 2413 908 2498 ipsc
924 2415 1058 2493 affirmat,
1074 2415 1106 2480 in
1121 2417 1255 2480 omnihus
1270 2418 1351 2481 simi·

310 2515 354 2580 les
377 2527 581 2601 praeterquam
604 2516 635 2578 in
656 2515 898 2599 magnitudine.“
936 2511 998 2581 Setl
1018 2515 1135 2581 litterae
1155 2537 1285 2582 excusae
1300 2539 1351 2602 pa-

311 2617 548 2702 laeographioarn
572 2619 657 2682 iidem
680 2639 740 2681 non
762 2617 967 2696 habentem,
992 2619 1106 2702 qualem
1122 2640 1181 2685 nos·
1199 2631 1351 2704 praestare

309 2721 486 2787 studuimus.
522 2718 632 2804 Neque
653 2721 731 2784 enim
746 2720 867 2784 eaedem
876 2720 996 2811 litterae
1011 2722 1135 2788 eandem
1148 2718 1267 2807 sem'per
1280 2745 1352 2787 con-

311 2833 436 2886 servant
456 2824 583 2887 formam
603 2823 635 2884 in
653 2843 715 2886 nna
735 2821 847 2899 tabula,
870 2821 949 2886 unde
969 2823 1088 2906 quidde
1104 2824 1230 2889 dirersis
1245 2825 1352 2890 tabulis

312 2922 431 2988 diversa
451 2944 541 2986 mann
562 2933 594 2986 et
614 2923 732 2986 diverso
761 2931 893 3007 tompore
923 2925 1057 2988 exaratis
1084 2925 1272 2989 emmentlnm
1298 2929 1348 3006 sit,

311 3035 415 3108 sponte
438 3024 620 3108 intelligitur.
657 3023 799 3088 Attamen
821 3023 954 3107 quamvis
970 3045 1007 3090 ne
1028 3024 1061 3090 in
1081 3025 1187 3091 litteris
1201 3027 1273 3112 ipsis
1288 3030 1352 3112 qui·-

382 3279 409 3346 1)
427 3278 468 3330 llx
485 3278 552 3330 llhro
571 3277 791 3330 Reformationnm
809 3277 931 3333 Civitatis
948 3279 1068 3347 Eugnbii.
1087 3299 1112 3351 p.
1134 3283 1192 3339 132.

381 3364 409 3429 2)
428 3362 626 3431 inscriptionum
650 3365 813 3431 orimnorum
839 3380 904 3432 quae
928 3368 1023 3435 passim
1049 3384 1096 3436 per
1119 3367 1248 3437 Europam
1273 3369 1349 3422 liber.

298 3448 432 3513 Lugduni
450 3449 616 3500 Batavorum.
638 3449 713 3501 ttae.

382 3534 410 3600 3)
428 3533 613 3603 Inscriptiones
625 3536 747 3601 antiquae
761 3551 786 3588 a.
803 3538 865 3590 tout
881 3539 962 3604 prime
974 3539 1072 3591 editae.
1089 3541 1144 3593 vol.
1161 3539 1195 3590 ll.
1208 3556 1234 3608 p.
1249 3513 1351 3599 CXLlI.

381 3618 409 3685 l)
427 3617 565 3671 Divinatio
578 3621 604 3696 in
623 3621 737 3672 tabulam
756 3637 863 3674 aeneam
880 3624 1041 3689 Eirquhinam
1058 3624 1147 3690 lingua
1167 3627 1291 3679 hetrusca
1308 3643 1354 3697 ve·

313 3704 364 3754 teri
382 3702 552 3771 perscriptam
570 3703 702 3769 Augustae
720 3703 924 3781 Vindelicorum.
945 3709 1020 3760 1613.

382 3786 409 3852 ι)
427 3784 506 3839 Van’t
524 3787 619 3853 Beghin
639 3790 686 3841 cler
704 3798 805 3843 eerster
822 3790 938 3845 Volcken
962 3810 1012 3847 van
1031 3793 1161 3863 Europen,
1182 3803 1233 3847 etc.
1252 3794 1352 3866 t'Ypre.

180 3898 183 3905 ‚
256 3932 259 3937 ,
315 3872 391 3925 isti.

382 3957 410 4021 6)
427 3955 560 4008 llcleodnm
586 3961 690 4010 curavit
714 3960 762 4011 hoe
781 3976 843 4027 opus
862 3961 975 4014 Thomas
993 3963 1080 4031 Coie,
1109 3981 1195 4018 comes
1214 3968 1246 4018 (le
1263 3966 1354 4020 heico-

313 4048 377 4105 ster,
398 4055 423 4092 a.
445 4040 521 4096 1723.
544 4043 618 4108 lm.
