2760 4754
210 320 244 361 tv
632 319 826 360 rnnnrnrlo.

150 537 155 549 ¹
212 477 258 531 tae
274 463 343 530 olim
363 465 498 530 dicuntur
520 477 550 528 et
565 465 613 531 ubi
635 465 720 529 hodie
747 439 960 564 adservantpn3
985 468 1046 530 dixi
1069 467 1105 532 de
1124 469 1178 546 iis,
1204 471 1251 553 qni

211 601 364 665 ediderunt
379 612 409 664 et
423 601 661 680 illustraverunt3
679 601 869 685 transscripsi
882 601 1006 686 denique
1021 601 1127 666 litteris
1140 601 1248 666 latinis.

294 733 330 798 ln
345 735 475 800 secunda
489 745 572 819 parte
588 737 709 819 primum
726 747 813 820 caput
827 747 873 800 est
888 736 923 799 d'e
938 735 1076 814 nummis
1101 758 1175 820 quae
1190 759 1252 801 moa

212 881 351 933 unmcnta
367 869 476 934 veteris
491 866 594 934 Italiac
609 870 750 959 inscripta
766 871 859 935 omitti
879 893 939 934 non
954 882 1121 956 potnerunt.
1159 871 1193 935 ln
1209 883 1253 936 ta-

211 1004 287 1069 bulis
303 1001 428 1068 XXIX.
447 1015 477 1068 ct
490 1000 599 1068 XXX.
623 1029 757 1071 nummos
779 1007 915 1123 expressi
936 1006 1107 1090 inscriptos,
1130 1007 1177 1090 qui
1201 1007 1253 1069 ali·

211 1162 267 1222 qua
283 1141 319 1204 de
335 1161 425 1203 causa
441 1102 719 1204 commemoratione
734 1141 820 1224 digni
835 1124 987 1204 visisunt.
1016 1139 1053 1205 In
1073 1161 1106 1203 rc
1122 1162 1254 1204 numma-

211 1274 256 1337 ria
272 1285 368 1337 autem
385 1294 471 1336 nemo
487 1274 593 1353 nescit,
611 1295 697 1358 quam
713 1274 752 1338 sit
766 1274 880 1339 difficile
895 1275 1026 1358 genuina
1042 1295 1059 1338 a
1074 1274 1157 1338 falsis
1173 1286 1203 1337 et
1217 1277 1254 1338 ad

106 1463 112 1472 ,
211 1409 339 1493 speciem
361 1407 496 1473 veritatis
519 1409 651 1472 confictis
675 1409 853 1473 discernere.
883 1403 1064 1494 Saepissime
1085 1429 1181 1493 neque
1201 1411 1254 1474 sti-

211 1542 256 1606 lus
272 1543 431 1626 effigiem'm
454 1563 549 1627 neque
564 1543 672 1607 metalli
697 1542 809 1607 fabrica
828 1544 902 1608 satis
926 1555 1027 1629 aperte
1048 1544 1182 1608 fraudem
1204 1545 1254 1608 tle·

210 1687 386 1755 monstrant,
411 1687 442 1739 et
456 1677 483 1740 si
497 1678 701 1742 demonstrant
715 1678 766 1741 uni
782 1677 868 1741 abaci
883 1677 932 1761 qui
955 1678 1136 1744 inmanibus
1158 1690 1251 1758 tenet,-

210 1822 300 1894 ncgat
314 1811 400 1890 alter,
419 1813 556 1895 quoniam
572 1825 745 1898 argumenta
760 1813 873 1877 fraudis
889 1812 947 1877 non
972 1825 1097 1898 possunt
1117 1815 1160 1879 ita
1183 1837 1253 1880 con·

210 1945 323 2028 signari
345 1946 409 2009 sive
431 1948 530 2011 verbis
553 1949 617 2013 sive
638 1949 769 2033 pictura,
794 1959 827 2013 ut
849 1949 972 2013 aliorum
993 1970 1127 2033 quoque,
1151 1950 1273 2034 quibus-

211 2057 321 2143 nummi
339 2069 404 2143 ¹non
426 2092 545 2165 praesto
573 2093 659 2161 sunt,
683 2083 792 2147 iudicio
814 2083 929 2168 possint
950 2082 1091 2147 submitti.
1129 2081 1255 2148 Accedit

211 2215 288 2298 quod
303 2201 420 2300 semper
439 2216 551 2311 gratius
575 2218 679 2281 lecerit
698 2217 737 2296 is,
763 2217 811 2301 qni
832 2238 942 2281 novum
963 2218 1013 2282 vel
1033 2217 1253 2284 memorabilem
1314 2271 1316 2278 ,

210 2349 258 2414 vel
281 2350 464 2414 rarissimum
486 2351 637 2416 detexisse
660 2352 717 2416 sibi
737 2352 819 2416 visus
840 2363 887 2416 est
907 2352 939 2415 in
962 2352 1060 2436 aliqua
1081 2352 1254 2418 collectione
1346 2448 1352 2456 Ι

120 2475 126 2482 ’
211 2454 371 2562 nummum,
395 2505 518 2569 cumque
538 2486 645 2571 publici
667 2487 739 2550 iuris
767 2487 850 2564 facil,
874 2507 961 2570 quam
989 2488 1039 2572 qui
1060 2488 1176 2552 cimelia
1204 2489 1254 2553 illa
1346 2521 1348 2524 >

211 2619 287 2683 falsa
302 2620 349 2684 vcl
365 2620 452 2683 dubia
467 2640 535 2684 esse
551 2608 725 2687 confirmare
746 2633 881 2686 conatur.
909 2619 1048 2687 Maxima
1065 2643 1140 2686 vcro
1163 2623 1252 2687 laba·

209 2755 320 2835 riorum
335 2755 442 2839 peritia
454 2756 486 2818 in
502 2757 594 2821 oculis
611 2769 722 2821 tantum
737 2758 832 2842 posita
847 2768 893 2821 est
908 2768 938 2821 et
958 2758 1113 2823 manibus:
1137 2778 1211 2822 vera
1231 2758 1253 2822 ii

210 2888 313 2951 melius
328 2888 448 2970 imitari,
467 2913 550 2974 quam
566 2891 739 2956 verisimilia
752 2890 887 2956 invenire
901 2903 1036 2976 possunt.
1069 2890 1207 2975 Linguae
1222 2903 1254 2957 et

210 3024 304 3108 magis
321 3025 409 3088 ctiam
424 3021 670 3111 palaeographicae
692 3028 774 3111 leges
797 3026 965 3091 subtiliores
987 3049 1057 3092 raro
1079 3027 1136 3091 illis
1159 3028 1252 3092 homi-

210 3159 296 3222 nibus
319 3159 455 3242 cognitae
477 3172 557 3242 sunt,
582 3182 672 3246 qnare
694 3161 867 3247 saepissime
890 3164 989 3228 bisin
1009 3161 1099 3230 rebus
1114 3175 1248 3248 peccant,

210 3296 385 3379 pracsertim
407 3318 494 3379 quum
516 3297 553 3361 de
575 3296 772 3380 monumentis
794 3307 910 3382 agatur,
933 3318 1008 3382 qnae
1029 3318 1090 3362 non
1112 3308 1182 3362 sunt
1202 3319 1250 3362 ro-
1287 3267 1288 3271 Ἰ

189 3413 296 3521 'mana
309 3450 365 3493 nec
380 3450 499 3515 graeca.
530 3431 565 3497 In
580 3433 637 3496 boc
651 3432 741 3515 igitur
759 3431 890 3495 maxime
910 3432 968 3496 viri
983 3432 1061 3497 docti
1077 3432 1132 3517 qui
1152 3432 1185 3496 in
1203 3451 1251 3497 re·

210 3563 265 3628 bns
281 3566 451 3630 nummariis
466 3550 636 3648 uersentur,
653 3568 781 3633 animum
797 3567 953 3632 advertere
967 3566 1124 3632 debebant.
1148 3563 1251 3648 Quod·
1284 3620 1292 3626 ,

200 3700 237 3763 ’si
259 3699 335 3764 hano
354 3695 553 3787 investigandi
575 3702 669 3781 viam,
703 3714 789 3789 prout
810 3701 908 3786 operis
930 3701 1025 3787 ipsum
1047 3711 1250 3786 cognmentum
1304 3715 1306 3717 ’

210 3834 358 3917 postulare
372 3836 538 3915 videbatur,
557 3836 653 3921 paullo
668 3836 790 3903 liberius
804 3837 934 3922 ingressi
952 3855 1080 3917 snmns5
1096 3858 1183 3923 qnam
1198 3837 1250 3903 al·
1308 3883 1314 3894 ,
1352 3859 1355 3871 ’

205 3968 264 4064 1Ιιιιο
285 3956 349 4036 llari
371 3970 502 4048 solebat,
534 3994 594 4038 non
618 3964 801 4038 mirabuntur
821 3972 879 4039 riri
899 3972 958 4050 itti,
981 3956 1058 4057 qood
1071 3973 1196 4060 ¹saepius
1217 3974 1249 4037 in
