2760 4754
201 301 249 342 ΧΠ
419 341 422 345 ,
632 300 827 346 nmmo.

200 447 288 525 ditur,
313 447 417 511 uniens
433 457 513 511 oerte
530 459 586 525 est,
611 449 660 532 qui
675 451 754 514 oseis
778 447 883 512 litteris
902 450 1026 534 scriptus
1049 461 1131 514 trans
1144 450 1245 535 Apen-

201 582 298 646 ninum
311 557 449 646 innotuit.
478 581 623 648 Nummos
638 583 716 646 enim
731 605 839 668 graves
853 595 883 647 et
899 582 980 647 fusos
996 581 1187 650 Vestinorum
1204 587 1245 650 la-

201 715 271 780 tinis
283 716 442 800 inscriptos
458 717 583 782 vidimus
598 718 703 781 litteris
720 715 819 782 VES.
848 717 901 782 Ex
914 739 1016 782 museo
1029 716 1157 783 Baronis
1173 719 1245 784 Ge-

200 873 302 915 nova
321 851 353 915 in
365 851 440 916 urbe
452 849 548 917 Vosto
569 853 627 918 hoo
640 864 860 918 monumentum
876 874 970 938 nuper
991 854 1022 917 in
1045 875 1177 918 museum
1200 875 1247 918 re·

201 986 280 1070 gium
294 985 524 1072 Neapolitanum
539 989 712 1052 translatum
727 999 784 1052 est.
1215 1081 1217 1084 Α

288 1120 324 1185 ln
339 1121 511 1208 Appendioe
525 1124 656 1188 eiusdem
669 1123 801 1207 opusculi
825 1145 902 1187 nova
924 1124 1098 1209 proponitur
1116 1124 1248 1207 explicu-

203 1258 244 1321 tio
259 1257 379 1321 maioris
399 1253 600 1343 inscriptionis
612 1257 831 1344 Pompeianae,
855 1279 941 1341 quam
961 1257 1023 1327 tab.
1046 1254 1244 1334 XXJ11,13.

201 1393 501 1477 repraesentavimus.
539 1391 677 1458 Variatio
698 1392 855 1456 lectionum
879 1414 965 1476 quam
985 1392 1033 1456 hie
1055 1391 1246 1474 deprehendi-

201 1548 277 1605 mus,
302 1539 421 1591 nonest
437 1539 557 1593 nostrae
573 1527 675 1612 eulpae
696 1527 861 1606 tribuenda,
886 1529 939 1592 sed
954 1528 1018 1592 eius
1040 1526 1089 1609 qui
1104 1527 1246 1589 Avellinii

200 1662 367 1746 exemplum
383 1661 559 1748 exscripsit3
580 1673 801 1727 monumentum
816 1662 894 1726 enim
912 1661 1008 1746 ipsum
1021 1661 1064 1724 ita
1086 1662 1192 1740 habet,
1215 1674 1247 1727 ut

200 1826 255 1870 nos
271 1805 402 1870 dedimus
416 1827 449 1902 r.
465 1805 498 1870 2.
514 1799 750 1896 pr'rmpaiianai
765 1826 829 1868 eum
844 1801 881 1894 1'13
900 1797 1161 1870 v.4.Vir'niltiis.
1172 1801 1242 1870 Mr.

200 1976 265 2018 eum
281 1964 388 2039 puncto
403 1953 552 2018 interduo
568 1953 731 2032 voeabula,
748 1974 780 2016 v.
797 1950 830 2016 5.
847 1947 998 2020 laumben
1015 1975 1081 2017 eum
1096 1949 1142 2041 ri3
1160 1976 1192 2019 v.
1210 1952 1241 2018 6.

201 2098 288 2172 nieis
316 2127 381 2168 oum
408 2097 420 2166 i
428 2124 439 2190 3
472 2123 503 2164 v.
526 2101 559 2166 7.
592 2098 718 2171 isidum
741 2127 806 2170 oum
834 2102 947 2166 duabus
972 2095 985 2166 i
999 2111 1029 2164 et
1043 2097 1121 2191 prii.
1135 2095 1244 2169 farted

200 2274 265 2322 oum
280 2267 387 2338 puncto
403 2263 470 2340 post
491 2251 570 2348 prud.

228 2393 232 2399 ’
282 2392 387 2459 Tertia
401 2396 553 2482 inscriptio
576 2416 656 2460 nova
675 2393 711 2458 ah
727 2390 876 2456 Avellinio
892 2413 921 2476 p.
939 2391 992 2456 24.
1010 2390 1135 2476 primum
1150 2391 1242 2475 publi-

199 2532 331 2614 catur1),
349 2540 424 2616 quae
440 2554 533 2618 nuper
547 2529 696 2615 Pompeiis
712 2529 822 2592 effossa
837 2525 966 2589 maxime
982 2537 1029 2590 est
1044 2526 1241 2591 memorabilis

197 2662 316 2751 propter
336 2689 474 2753 magnam
493 2667 714 2732 similitudinem
733 2664 864 2751 perditae
893 2664 972 2729 illius
992 2662 1191 2750 Pompeianae
1211 2666 1242 2728 iu

197 2812 283 2884 porta
305 2797 397 2866 Sarni
415 2814 568 2888 repertae,
594 2801 712 2864 anobis
733 2797 765 2858 in
786 2797 848 2858 tab.
864 2797 988 2878 XXIV,
1005 2800 1059 2864 20.
1082 2801 1240 2865 seeundum

196 2929 367 3000 Glaraoium
381 2938 536 3022 repetitae.
582 2902 630 2999 Ea
641 2933 720 2997 enim
736 2932 809 2993 haec
825 2944 887 2994 est:
1015 3000 1018 3007 ,
1038 2900 1045 2913 i

404 3075 453 3146 V.
483 3072 642 3175 Pupidiis
667 3071 715 3143 V.
745 3068 838 3141 med.
868 3072 941 3141 tu'rv.

403 3216 559 3305 passtata
585 3203 670 3278 eleale
695 3206 821 3301 r'rpsan.

404 3337 517 3411 deded
543 3337 634 3410 isidu
659 3335 814 3436 prdfattr
840 3343 924 3427 (sic).

194 3461 361 3552 sculptoris
376 3489 450 3534 sane
465 3489 583 3534 errores
599 3478 679 3545 suut,
705 3475 756 3530 aut
769 3462 840 3529 eius
856 3465 905 3548 qui
928 3465 1041 3528 titulum
1065 3468 1236 3552 exscripsit,

192 3616 268 3698 quod
283 3614 314 3678 in
329 3615 423 3701 primo
444 3637 542 3681 versu·
550 3615 674 3701 legimus
696 3586 854 3700 Pupidiis
876 3625 930 3690 pro
951 3599 1130 3698 Pupidiis,
1155 3618 1186 3670 et
1207 3606 1237 3669 in

190 3759 278 3828 tertio
301 3751 394 3824 isidu
415 3781 469 3843 pro
490 3752 594 3824 isidu.
628 3759 728 3844 Magis
744 3758 832 3824 etiam
847 3757 1023 3822 offendimur
1046 3758 1148 3822 ultima
1162 3738 1235 3821 rone

195 3903 402 3915 *—

232 3992 234 3997 ’
257 3987 282 4048 1)
301 3985 402 4040 Tabula
420 3989 532 4053 adnexo,
553 3987 599 4040 No.
621 3991 644 4039 3.
