2760 4754
173 313 240 379 tao
532 334 574 376 nn
598 331 839 376 assumunt.

171 487 235 549 fere
249 500 351 546 omnes
366 480 481 566 linguas
497 480 534 543 ab
548 480 632 544 initio
647 490 709 543 tres
724 489 835 542 tantum
851 478 969 542 vooales
984 477 1163 564 prineipalea
1177 502 1211 561 a,

170 586 193 666 i,
209 607 229 649 u
243 584 395 662 babuisse,
418 593 522 667 postea
543 603 560 646 e
583 593 653 646 eto
675 581 831 645 adieeisse.
854 577 1001 645 Etruscos
1022 603 1042 646 o
1063 603 1120 647 nee
1135 583 1213 649 aeri·

170 685 265 770 psisse
289 706 344 748 neo
365 684 572 769 pronuntiasse
595 695 626 749 et
649 681 837 748 Romanoso
859 693 889 745 et
910 704 930 746 u
950 683 1124 768 saepissime
1139 707 1212 751 oon·

172 789 294 866 fodisse,
316 787 440 851 seimus.
483 784 571 869 Apud
584 783 751 870 Aegyptios
771 806 791 848 u
812 796 844 849 et
866 805 884 850 o
905 784 1034 849 nondum
1053 786 1212 852 distinctae

171 891 289 954 fuerunt
306 889 339 955 in
358 888 482 953 dialeoto
504 909 603 966 saera,
627 889 745 951 fuerunt
769 887 801 951 in
829 886 944 969 lingna.
958 888 1083 972 ooptioa.
1129 885 1211 972 Quid

170 992 287 1069 mirum,
310 991 336 1054 si
359 986 584 1074 apudUmbros
607 1010 625 1052 o
653 989 769 1053 litterae
791 989 874 1071 qnasi
897 988 1020 1072 primam
1047 991 1210 1059 ohservare

170 1114 324 1177 possumus
349 1092 493 1176 originem
515 1092 548 1155 in
568 1091 626 1155 illis
647 1091 787 1170 saeculis,
813 1090 845 1154 in
866 1091 969 1173 quibus
990 1093 1122 1158 aramme
1143 1116 1210 1169 enm

170 1193 316 1260 Romanis
333 1194 554 1258 miscebantur?
596 1191 712 1257 Tamen
735 1192 823 1257 alieni
845 1194 960 1256 (lisbium
982 1196 1065 1261 nasei
1093 1209 1208 1281 posset,

171 1297 198 1361 si
219 1318 322 1363 omnes
342 1318 483 1361 sonorum
503 1295 680 1361 mutationes
695 1306 809 1359 tantum
823 1315 864 1359 ex
883 1296 1115 1361 litteraturamm
1128 1320 1209 1363 eon·

170 1400 322 1485 paratione
341 1398 452 1483 percipi
471 1399 647 1483 potuissent.
691 1393 754 1461 Sed
773 1398 829 1461 boo
849 1418 965 1480 quoque
980 1398 1098 1462 dubium
1110 1405 1208 1465 ramo'·

170 1522 241 1579 vare
263 1522 431 1586 possumus,
454 1500 481 1564 si
499 1500 629 1564 animum
651 1500 830 1565 advertimus
846 1500 883 1571 ad
903 1499 1223 1595 slitteramantiqua3

169 1625 235 1666 num
257 1603 421 1665 tabularum
441 1623 508 1664 oum
528 1622 546 1664 r
566 1602 598 1664 in
619 1600 708 1664 certis
729 1601 801 1664 loeis
829 1601 1025 1685 posteriorum
1043 1603 1208 1673 tabulannn

170 1715 389 1784 commutatam,
412 1703 443 1767 id
465 1693 541 1787 qnod
563 1704 653 1768 edam
673 1702 705 1765 in
728 1702 793 1766 aliis
816 1703 924 1786 Unguis
945 1715 976 1769 et
988 1706 1163 1788 praesertim
1175 1706 1208 1771 in

169 1808 261 1870 latina
288 1807 449 1871 observare
477 1827 646 1890 possumus.
692 1805 777 1870 Haeo
802 1815 882 1869 oerte
910 1807 1033 1872 mutatio
1064 1807 1208 1892 origines

170 1910 277 1974 dooere
299 1930 359 1973 non
381 1919 479 1993 potest
502 1930 544 1973 ex
564 1909 746 1973 litteraturae
775 1907 965 1988 diversitate,
987 1909 1048 1973 imo
1075 1909 1108 1973 in
1135 1910 1207 1994 ipsit

169 2012 278 2076 ultimis
298 2011 404 2076 tabulis
419 2011 550 2075 umbriae
571 2010 688 2094 seriptis
709 2011 804 2094 prima
818 2011 955 2094 exempla
973 2012 1107 2076 videmos
1120 2012 1207 2079 noim

169 2135 310 2191 sonorum
329 2113 562 2196 permutationis.
610 2108 674 2177 Cur
694 2113 784 2198 igitur
798 2112 874 2177 idem
890 2113 1025 2180 aeeidere
1039 2134 1099 2179 non
1110 2106 1207 2198 'potuit
1267 2168 1270 2172 -

168 2214 201 2279 in
222 2215 289 2280 aliis
304 2214 415 2279 sonist-
449 2278 455 2288 ,

251 2315 337 2382 Haeo
350 2315 483 2400 inprimis
499 2316 606 2395 habeo,
630 2317 733 2402 quibus
754 2318 908 2382 defendam
921 2318 1001 2383 illam
1016 2319 1204 2399 sententium,

169 2417 251 2482 euius
272 2418 487 2503 expositionem
508 2419 564 2482 vix
583 2420 713 2505 pluribus
741 2441 829 2503 egere
849 2421 1042 2505 putavissem,
1073 2420 1131 2489 nisi
1152 2420 1206 2487 im·

167 2530 295 2604 pugnata
311 2521 426 2585 luisset.
471 2515 532 2586 Per
554 2542 587 2586 se
610 2521 687 2585 enim
703 2521 813 2586 alarum
828 2543 895 2587 esse
909 2523 1036 2603 videtur,
1055 2523 1206 2609 populum,

168 2622 285 2704 quando
312 2623 438 2707 primum
466 2623 571 2689 litteris
593 2633 692 2688 utatur
714 2623 751 2687 ad
773 2624 901 2708 linguam
921 2625 1114 2689 vernaeulam
1135 2646 1206 2691 eon-

166 2725 353 2809 signandam,
377 2746 480 2811 omnes
502 2727 678 2812 principales
702 2747 843 2791 sonorum
862 2727 1024 2792 varietates
1038 2727 1207 2812 exptimere

166 2828 297 2892 studere.
342 2826 376 2891 ln
405 2849 443 2892 eo
471 2840 568 2893 antem
589 2828 780 2911 Henopius1)
811 2829 902 2892 falsus
924 2839 982 2909 est,
1012 2830 1087 2913 quod
1110 2850 1207 2897 meam

167 2930 335 3012 opinionem
355 2931 486 2992 mamone
507 2931 609 2993 nixam
624 2950 691 2993 esse
712 2931 826 3013 putavit
838 2931 870 2993 in
888 2931 977 2996 oertis
1000 2933 1208 3016 grammatiao·

166 3051 231 3094 rum
253 3031 340 3109 loeis,
364 3029 469 3112 quibus
491 3031 555 3094 iero
575 3031 648 3095 nihil
668 3031 808 3096 momenti
821 3031 931 3111 tribuo,
953 3033 1004 3098 ubi
1016 3045 1208 3101 monumenta

166 3133 231 3217 ipsa
244 3134 412 3216 loquuntur.
746 3180 750 3197 ..

167 3259 172 3267 ¹
250 3233 395 3317 Pelasgos
413 3233 601 3322 Tyrrhenos,
631 3258 756 3321 quorum
784 3247 921 3301 naturam
945 3248 1032 3323 atque
1052 3238 1207 3305 historiam

166 3335 305 3421 peculiari
324 3335 531 3404 dissertatione
552 3360 625 3405 mox
652 3338 798 3418 tractabo,
822 3360 887 3404 oum
902 3340 1007 3404 multis
1028 3340 1094 3405 aliis
1115 3341 1207 3407 rebus

165 3439 359 3504 litteraturam
380 3462 495 3525 quoque
516 3443 641 3527 primum
659 3442 691 3506 in
712 3439 828 3507 Italiam
851 3443 1011 3508 advexisse
1031 3462 1207 3529 persuasum
1287 3468 1290 3473 ’

166 3542 272 3623 babeo,
295 3543 402 3608 deinde
421 3546 459 3609 ad
480 3546 615 3611 diversos
642 3545 764 3630 populos
793 3545 1016 3629 propagarisse.
1060 3541 1207 3610 Veterum

166 3645 341 3735 scriptorum
363 3657 537 3732 argumenta
557 3648 614 3711 bae
635 3647 672 3711 de
693 3669 727 3711 re
748 3646 780 3710 in
802 3646 1008 3713 dissertatione
1030 3647 1067 3711 de
1079 3644 1205 3713 Tabulis

165 3746 330 3832 Engnbinis
344 3746 390 3834 (p.
405 3749 464 3833 29)
478 3749 538 3814 iam
552 3747 675 3831 contuli,
692 3770 787 3833 neque
800 3759 899 3814 tamen
915 3761 984 3814 ante
999 3751 1054 3814 hos
1069 3760 1137 3814 oeta
1152 3770 1206 3814 aa·
1227 3758 1230 3763 '

166 3870 220 3914 nos
248 3871 350 3915 veram
370 3852 530 3934 rationem,
559 3871 635 3940 quae
659 3850 857 3918 intercederet
880 3851 961 3920 inter
979 3850 1153 3938 lbmbenos
1174 3862 1206 3916 et

235 4070 262 4138 tt
279 4087 305 4138 p·
323 4074 366 4130 tt.
465 4105 467 4109 ·
