2760 4754
591 337 785 394 ·-rne'v1mr:··
812 361 816 368 ·
1135 314 1205 401 ddi
1272 386 1276 392 .

168 500 232 562 tina
253 498 353 581 lingua
374 497 450 561 bene
472 497 656 560 conveniret.
693 482 849 561 Attamen
864 519 924 562 nou
939 499 1209 566 est-latinainscri-
1255 474 1260 485 .

168 601 242 685 plin,
267 618 355 683 quum
369 620 424 682 pro
445 596 519 662 liet
532 597 570 676 F,
595 618 670 680 quae
684 599 885 664 elementa-ibi
900 606 979 679 dunt,
1005 599 1031 666 C
1047 576 1122 666 civ
1136 604 1209 668 scri·

170 712 221 786 pta
234 720 303 764 esse
317 700 469 764 deberent.
499 698 550 764 An
566 701 703 763 credibile
718 712 775 779 est,
801 722 903 766 errore
917 714 1029 767 tantum
1043 703 1210 790 inscriptio-

168 823 241 867 nem
261 803 297 866 ad
319 803 455 866 dextram
470 822 537 866 esse
553 802 715 866 directam?
744 800 842 884 Quam
858 805 884 868 si
898 806 1083 883 invertimus,
1108 822 1211 872 rursus

170 904 332 969 Etruscum
349 915 472 987 apparet
495 902 518 970 ἦ
543 924 598 987 pro
620 905 715 966 forme
735 900 888 971 Umbrica.
933 905 1112 996 Praeterea?
1135 909 1212 991 quod

172 1007 329 1090 diligenter
343 1017 475 1068 notatum
488 1006 570 1080 volo,
589 1005 636 1069 hie
651 1006 806 1088 quoqueN
820 1018 869 1071 est·
881 1016 1062 1086 transverse,
1080 1011 1121 1072 ita
1136 1021 1169 1073 ut
1181 1010 1212 1073 iu

172 1111 231 1172 hoc
251 1109 316 1191 ipso
337 1108 423 1171 titudo
445 1107 497 1190 qui
515 1126 599 1170 more
621 1105 730 1170 Latino
753 1109 881 1173 directus
903 1120 966 1187 est,
998 1109 1032 1172 N
1052 1109 1213 1174 babeamus

164 1221 290 1275 ‹cmusce
306 1211 458 1287 directam,
483 1220 637 1293 postquam
651 1209 682 1272 in
696 1209 787 1273 titulis
802 1232 886 1275 more
899 1205 1031 1274 umbrico
1047 1211 1165 1276 directis
1173 1212 1214 1276 N

166 1315 238 1376 zierc
253 1311 358 1392 ubique
374 1311 596 1374 observavimus
618 1312 709 1374 latine
724 1312 883 1376 directam!
910 1309 1099 1394 ‘Deniquein
1115 1328 1214 1376 eumu-

174 1416 233 1478 lum
247 1433 347 1476 rermu
361 1413 512 1490 mnarum,
522 1425 595 1478 ¹rota
608 1424 670 1476 tres
685 1416 886 1478 tantummodo
902 1415 991 1477 habet
1004 1412 1122 1490 radios,
1139 1416 1215 1496 quod

176 1516 309 1600 nuspiam
330 1525 486 1597 praeterea
507 1515 696 1578 observatum
719 1527 775 1579 est.
809 1538 812 1543 ·

260 1613 321 1696 Qui
336 1617 468 1698 sequitur
481 1619 652 1699 nummus1)
674 1617 784 1700 primus
807 1618 935 1680 litteram
956 1615 991 1680 N
1012 1616 1105 1680 habet>
1120 1617 1164 1680 ita
1184 1629 1217 1680 ut

177 1718 307 1803 oportuit
328 1719 498 1796 formatam}
520 1719 689 1782 terminatio
712 1729 809 1782 eutem
831 1719 904 1782 -ini
925 1738 1029 1782 rursus
1051 1729 1098 1782 est
1111 1719 1215 1797 lotide,

176 1817 252 1884 etV
271 1831 420 1883 etruscum
439 1841 492 1903 pro
512 1821 656 1883 umbrico.
693 1818 842 1884 Postremi
860 1820 918 1882 duo
940 1820 1050 1882 nummi
1059 1823 1085 1902 2)
1104 1831 1217 1883 rectum

169 1922 292 2006 -quidcm
312 1922 454 1984 exhibent
474 1919 518 1998 N,
544 1922 596 1984 sed
618 1923 742 1984 formam
764 1922 851 1985 simul
876 1919 896 1988 ί
918 1941 992 2004 quae
1015 1920 1095 1984 nulla
1116 1932 1173 1984 est.

262 2023 315 2087 Ex
329 2023 375 2086 bis
390 2022 525 2086 omnibus
539 2023 607 2106 quid
623 2023 682 2086 iam
697 2024 839 2106 sequitur,
856 2023 915 2085 nisi
929 2032 961 2085 ut
976 2022 1117 2100 dicamus,
1135 2042 1219 2084 num-

177 2146 243 2192 mos
257 2123 444 2208 Eugubiuos,
462 2125 488 2188 si
503 2144 562 2186 non
578 2145 692 2202 omnes,
710 2135 741 2188 et
755 2136 836 2189 certe
852 2124 992 2207 plurimos
1008 2125 1091 2187 fictos
1106 2143 1175 2186 esse
1189 2134 1220 2186 et

178 2227 366 2312 suppositos?
392 2224 569 2289 Aecuratius
592 2227 628 2290 de
643 2226 766 2310 singulis
781 2225 912 2290 Romani
925 2226 1046 2288 videant
1060 2225 1219 2288 numisma-

179 2330 241 2393 tici.
285 2328 354 2411 Ego
375 2328 438 2411 ipse
461 2349 547 2411 quum
568 2326 684 2392 Romae
707 2349 846 2392 versarer
866 2329 930 2411 plus
954 2327 1046 2391 semel
1066 2325 1218 2410 perspexi,

179 2452 266 2516 quam
288 2429 327 2494 sit
349 2430 462 2493 difficile
482 2430 515 2493 iu
536 2431 662 2494 nummis
684 2441 714 2494 et
736 2431 859 2514 gemmis
881 2448 955 2492 vera
976 2428 1091 2492 afalsis
1110 2428 1221 2492 discer-

181 2554 264 2608 nere,
288 2551 344 2594 nec
365 2552 434 2594 raro
456 2532 580 2593 eandem
601 2533 751 2613 querelam
770 2533 904 2595 virorum
927 2531 1024 2594 audivi
1043 2531 1076 2592 in
1098 2530 1154 2593 boc
1169 2545 1221 2613 ge-

183 2653 254 2697 nere
270 2631 603 2715 experientissimcrum.
642 2627 772 2694 Omnino
788 2633 869 2696 fraus
883 2633 926 2694 ibi
939 2632 1056 2694 videtur
1071 2631 1219 2708 facillima,
1314 2652 1321 2661 ·

182 2735 233 2798 ubi
247 2743 355 2796 exacta
369 2731 497 2814 cognitio
513 2731 662 2794 homiuum
675 2741 722 2794 est
736 2731 890 2795 admodum
904 2723 1074 2814 paucorum.
1098 2729 1131 2794 ld
1147 2733 1224 2814 quod

182 2836 212 2898 in
234 2843 423 2898 monumenta
444 2833 522 2897 cadit
542 2834 707 2916 linguarum
728 2833 840 2898 veteris
860 2830 964 2896 ltaliae
986 2832 1067 2896 etin
1090 2853 1224 2896 nummos

183 2959 243 3001 uon
255 2934 420 2999 Romanos.
444 2932 528 3016 Quae
544 2935 631 2998 dubia
645 2946 714 2998 suut
728 2946 758 2998 et
772 2945 909 3018 suspecte
924 2935 962 2998 ad
976 2944 1124 2998 certorum
1138 2934 1225 2998 tidem

183 3039 359 3122 exigunturz
398 3038 496 3100 fecere
525 3038 582 3101 hoe
609 3058 699 3127 supra
726 3037 759 3100 iu
779 3037 872 3101 titulis
894 3037 1041 3100 nonnullis
1064 3037 1222 3120 potuimus.

170 3137 436 3205 .Sediu·nummis
450 3138 616 3220 Eugnbiuis
638 3139 725 3202 aliter
746 3138 845 3216 habet,
871 3137 1008 3219 quioniam
1029 3137 1149 3220 genuini
1171 3157 1226 3201 ex·
1319 3183 1329 3193 -

184 3253 265 3306 stare
287 3239 407 3303 omuino
428 3261 488 3302 nou
510 3241 657 3304 videntur.
692 3238 759 3303 Hoc
780 3239 871 3324 igitur
892 3260 980 3322 qumn
1002 3236 1226 3302 animadvertis·

185 3340 404 3417 scarensem,
428 3333 528 3403 datum
549 3342 605 3404 sibi
627 3362 694 3406 esse
716 3340 982 3425 campum‘opiueti
1004 3330 1091 3417 sunt,
1115 3339 1146 3402 in
1167 3355 1226 3422 quc

186 3442 315 3526 fingendi
336 3441 425 3505 libido
440 3451 502 3504 tuto
518 3453 703 3506 excurreret.
733 3441 873 3507 Formam
895 3441 1060 3504 lkuviue
1080 3439 1228 3521 cognitam

187 3545 334 3608 hebebant
363 3564 403 3607 ex
431 3544 557 3622 tabulis,
588 3545 657 3608 inde
679 3545 820 3628 pluralem
842 3546 1045 3606 formaverunt
1065 3539 1228 3604 incolarum

190 3645 357 3724 lkuvini3
382 3655 413 3708 at
427 3666 521 3729 neque
536 3647 610 3711 hacc
623 3647 720 3710 forme
734 3665 829 3730 neque
844 3643 1008 3728 Iguvins
1022 3639 1153 3704 umbrica
1169 3653 1225 3721 est,

189 3747 309 3832 pluralis
323 3747 460 3812 nimirum
474 3748 505 3811 in
527 3768 589 3812 -er
610 3749 722 3827 exibat,
747 3746 904 3832 singularis
927 3745 977 3808 -in
1000 3765 1059 3823 ur;
1084 3741 1230 3810 deiudesi

197 3954 199 3965 Ι
260 3988 286 4051 1)
305 3986 407 4039 lucertc
426 3993 479 4037 tav.
499 3984 531 4036 V.
551 3985 599 4038 No.
620 3981 687 4052 ¹3.;'
701 3987 728 4038 iu
747 3986 944 4067 contrarotulo
962 3982 1075 4069 ΜΝ.
1147 3998 1149 4067 j

257 4074 284 4137 2)
301 4071 367 4125 Tav.
388 4072 491 4136 d’aggq
511 4071 537 4122 iu
556 4072 718 4125 neomenia.
738 4070 790 4124 llo.¹
807 4070 848 4125 ll.
871 4071 912 4124 ib.
963 4082 967 4103 ²
991 4092 994 4097 ¹
1061 4098 1065 4103 -
