<?xml version="1.0" encoding="UTF-8"?>
<!DOCTYPE html PUBLIC "-//W3C//DTD XHTML 1.0 Transitional//EN"
    "http://www.w3.org/TR/xhtml1/DTD/xhtml1-transitional.dtd">
<html xmlns="http://www.w3.org/1999/xhtml" xml:lang="en" lang="en">
 <head>
  <title>
</title>
<meta http-equiv="Content-Type" content="text/html;charset=utf-8" />
  <meta name='ocr-system' content='tesseract 3.04.00' />
  <meta name='ocr-capabilities' content='ocr_page ocr_carea ocr_par ocr_line ocrx_word'/>
</head>
<body>
  <div class='ocr_page' id='page_1' title='image "./inscriptionesum00lepsgoog_0081.png"; bbox 0 0 2760 4754; ppageno 0'>
   <div class='ocr_carea' id='block_1_1' title="bbox 91 292 877 365">
    <p class='ocr_par' dir='ltr' id='par_1_1' title="bbox 91 292 877 365">
     <span class='ocr_line' id='line_1_1' title="bbox 91 292 877 365; baseline -0.011 0"><span class='ocrx_word' id='word_1_1' title='bbox 91 358 93 365; x_wconf 83' lang='lat'><strong>.</strong></span> <span class='ocrx_word' id='word_1_2' title='bbox 170 298 220 365; x_wconf 72' lang='grc'><strong>00</strong></span> <span class='ocrx_word' id='word_1_3' title='bbox 506 292 745 362; x_wconf 71' lang='lat' dir='ltr'><strong>summonte</strong></span> <span class='ocrx_word' id='word_1_4' title='bbox 767 314 877 360; x_wconf 78' lang='lat' dir='ltr'><strong>occu.</strong></span> 
     </span>
    </p>
   </div>
   <div class='ocr_carea' id='block_1_2' title="bbox 169 457 1266 2108">
    <p class='ocr_par' dir='ltr' id='par_1_2' title="bbox 169 457 1266 1395">
     <span class='ocr_line' id='line_1_2' title="bbox 170 457 1222 547; baseline -0.003 -17"><span class='ocrx_word' id='word_1_5' title='bbox 170 467 202 530; x_wconf 91' lang='lat' dir='ltr'><strong>in</strong></span> <span class='ocrx_word' id='word_1_6' title='bbox 225 465 282 529; x_wconf 88' lang='lat' dir='ltr'><strong>hac</strong></span> <span class='ocrx_word' id='word_1_7' title='bbox 304 462 433 530; x_wconf 75' lang='lat' dir='ltr'><strong>editione</strong></span> <span class='ocrx_word' id='word_1_8' title='bbox 457 464 537 529; x_wconf 83' lang='lat' dir='ltr'><strong>inter</strong></span> <span class='ocrx_word' id='word_1_9' title='bbox 556 461 633 529; x_wconf 75' lang='lat'><strong>980.</strong></span> <span class='ocrx_word' id='word_1_10' title='bbox 657 464 770 529; x_wconf 79' lang='lat' dir='ltr'><strong>litteras</strong></span> <span class='ocrx_word' id='word_1_11' title='bbox 793 460 870 547; x_wconf 86' lang='lat' dir='ltr'><strong>cippi</strong></span> <span class='ocrx_word' id='word_1_12' title='bbox 888 457 965 526; x_wconf 71' lang='lat'><strong>245.</strong></span> <span class='ocrx_word' id='word_1_13' title='bbox 990 469 1041 523; x_wconf 76' lang='lat' dir='ltr'><strong>ant</strong></span> <span class='ocrx_word' id='word_1_14' title='bbox 1062 459 1140 525; x_wconf 79' lang='lat' dir='ltr'><strong>falso</strong></span> <span class='ocrx_word' id='word_1_15' title='bbox 1165 470 1222 527; x_wconf 73' lang='lat' dir='ltr'><strong>nt</strong></span> 
     </span>
     <span class='ocr_line' id='line_1_3' title="bbox 169 560 1220 651; baseline -0.007 -17"><span class='ocrx_word' id='word_1_16' title='bbox 169 566 292 634; x_wconf 84' lang='lat' dir='ltr'><strong>omnino</strong></span> <span class='ocrx_word' id='word_1_17' title='bbox 311 588 372 631; x_wconf 92' lang='lat' dir='ltr'><strong>non</strong></span> <span class='ocrx_word' id='word_1_18' title='bbox 393 566 543 632; x_wconf 72' lang='lat' dir='ltr'><strong>exhibitae</strong></span> <span class='ocrx_word' id='word_1_19' title='bbox 558 578 639 632; x_wconf 85' lang='lat' dir='ltr'><strong>sunt.</strong></span> <span class='ocrx_word' id='word_1_20' title='bbox 676 564 822 651; x_wconf 75' lang='lat' dir='ltr'><strong>Apparet,</strong></span> <span class='ocrx_word' id='word_1_21' title='bbox 845 573 955 646; x_wconf 81' lang='lat' dir='ltr'><strong>quanta</strong></span> <span class='ocrx_word' id='word_1_22' title='bbox 969 560 1150 627; x_wconf 81' lang='lat' dir='ltr'><strong>obscuritate</strong></span> <span class='ocrx_word' id='word_1_23' title='bbox 1164 582 1220 627; x_wconf 84' lang='lat' dir='ltr'><strong>ve·</strong></span> 
     </span>
     <span class='ocr_line' id='line_1_4' title="bbox 170 662 1266 752; baseline -0.004 -19"><span class='ocrx_word' id='word_1_24' title='bbox 170 688 223 733; x_wconf 90' lang='lat' dir='ltr'><strong>rae</strong></span> <span class='ocrx_word' id='word_1_25' title='bbox 238 667 382 732; x_wconf 84' lang='lat' dir='ltr'><strong>lectionis</strong></span> <span class='ocrx_word' id='word_1_26' title='bbox 404 669 531 733; x_wconf 88' lang='lat' dir='ltr'><strong>studium</strong></span> <span class='ocrx_word' id='word_1_27' title='bbox 554 668 640 734; x_wconf 90' lang='lat' dir='ltr'><strong>huius</strong></span> <span class='ocrx_word' id='word_1_28' title='bbox 662 665 867 752; x_wconf 82' lang='lat' dir='ltr'><strong>inscriptionis</strong></span> <span class='ocrx_word' id='word_1_29' title='bbox 878 663 1048 750; x_wconf 84' lang='lat' dir='ltr'><strong>impeditum</strong></span> <span class='ocrx_word' id='word_1_30' title='bbox 1061 662 1167 742; x_wconf 50' lang='lat' dir='ltr'><strong>lueri&amp;</strong></span> <span class='ocrx_word' id='word_1_31' title='bbox 1175 712 1178 717; x_wconf 85' lang='lat'>-</span> <span class='ocrx_word' id='word_1_32' title='bbox 1187 675 1220 729; x_wconf 84' lang='lat' dir='ltr'><strong>et</strong></span> <span class='ocrx_word' id='word_1_33' title='bbox 1264 710 1266 715; x_wconf 86' lang='lat'><em>-</em></span> 
     </span>
     <span class='ocr_line' id='line_1_5' title="bbox 170 761 1219 854; baseline -0.003 -20"><span class='ocrx_word' id='word_1_34' title='bbox 170 770 317 854; x_wconf 63' lang='lat' dir='ltr'><strong>morundo</strong></span> <span class='ocrx_word' id='word_1_35' title='bbox 330 767 396 854; x_wconf 88' lang='lat' dir='ltr'><strong>ipso</strong></span> <span class='ocrx_word' id='word_1_36' title='bbox 410 766 452 834; x_wconf 92' lang='lat'><strong>0.</strong></span> <span class='ocrx_word' id='word_1_37' title='bbox 468 767 504 834; x_wconf 88' lang='grc' dir='ltr'>Μ</span> <span class='ocrx_word' id='word_1_38' title='bbox 512 771 664 836; x_wconf 80' lang='lat' dir='ltr'><strong>illerus</strong></span> <span class='ocrx_word' id='word_1_39' title='bbox 685 771 759 834; x_wconf 87' lang='lat' dir='ltr'><strong>duas</strong></span> <span class='ocrx_word' id='word_1_40' title='bbox 773 769 888 832; x_wconf 82' lang='lat' dir='ltr'><strong>litteras</strong></span> <span class='ocrx_word' id='word_1_41' title='bbox 903 764 1051 850; x_wconf 74' lang='lat' dir='ltr'><strong>alphabeti</strong></span> <span class='ocrx_word' id='word_1_42' title='bbox 1064 761 1140 829; x_wconf 77' lang='lat' dir='ltr'><strong>Osci</strong></span> <span class='ocrx_word' id='word_1_43' title='bbox 1151 784 1219 831; x_wconf 72' lang='lat' dir='ltr'><strong>ne·</strong></span> 
     </span>
     <span class='ocr_line' id='line_1_6' title="bbox 170 872 1218 972; baseline -0.005 -28"><span class='ocrx_word' id='word_1_44' title='bbox 170 878 246 945; x_wconf 87' lang='lat' dir='ltr'><strong>ximi</strong></span> <span class='ocrx_word' id='word_1_45' title='bbox 267 878 407 942; x_wconf 79' lang='lat' dir='ltr'><strong>momenti</strong></span> <span class='ocrx_word' id='word_1_46' title='bbox 427 872 451 944; x_wconf 91' lang='lat' dir='ltr'><strong>d</strong></span> <span class='ocrx_word' id='word_1_47' title='bbox 472 889 503 943; x_wconf 83' lang='lat' dir='ltr'><strong>et</strong></span> <span class='ocrx_word' id='word_1_48' title='bbox 523 900 548 972; x_wconf 83' lang='lat' dir='ltr'><strong>g</strong></span> <span class='ocrx_word' id='word_1_49' title='bbox 563 879 682 945; x_wconf 91' lang='lat' dir='ltr'><strong>omnino</strong></span> <span class='ocrx_word' id='word_1_50' title='bbox 696 878 838 962; x_wconf 80' lang='lat' dir='ltr'><strong>ignorare</strong></span> <span class='ocrx_word' id='word_1_51' title='bbox 852 887 940 960; x_wconf 78' lang='lat' dir='ltr'><strong>atque</strong></span> <span class='ocrx_word' id='word_1_52' title='bbox 954 874 1218 939; x_wconf 75' lang='lat' dir='ltr'><strong>diversitatemin-</strong></span> 
     </span>
     <span class='ocr_line' id='line_1_7' title="bbox 172 989 1217 1082; baseline 0 -24"><span class='ocrx_word' id='word_1_53' title='bbox 172 1005 219 1058; x_wconf 86' lang='lat' dir='ltr'><strong>ter</strong></span> <span class='ocrx_word' id='word_1_54' title='bbox 232 1015 256 1060; x_wconf 89' lang='lat' dir='ltr'><strong>u</strong></span> <span class='ocrx_word' id='word_1_55' title='bbox 271 992 338 1060; x_wconf 83' lang='lat' dir='ltr'><strong>etri</strong></span> <span class='ocrx_word' id='word_1_56' title='bbox 353 1004 383 1058; x_wconf 91' lang='lat' dir='ltr'><strong>et</strong></span> <span class='ocrx_word' id='word_1_57' title='bbox 396 995 477 1060; x_wconf 90' lang='lat' dir='ltr'><strong>inter</strong></span> <span class='ocrx_word' id='word_1_58' title='bbox 490 992 503 1061; x_wconf 91' lang='lat' dir='ltr'><strong>i</strong></span> <span class='ocrx_word' id='word_1_59' title='bbox 517 1007 548 1060; x_wconf 86' lang='lat' dir='ltr'><strong>ct</strong></span> <span class='ocrx_word' id='word_1_60' title='bbox 561 992 574 1060; x_wconf 91' lang='lat' dir='ltr'><strong>i</strong></span> <span class='ocrx_word' id='word_1_61' title='bbox 589 997 740 1081; x_wconf 83' lang='lat' dir='ltr'><strong>negligere</strong></span> <span class='ocrx_word' id='word_1_62' title='bbox 755 994 894 1082; x_wconf 86' lang='lat' dir='ltr'><strong>potuerit.</strong></span> <span class='ocrx_word' id='word_1_63' title='bbox 925 989 1079 1056; x_wconf 73' lang='lat' dir='ltr'><strong>lilcnzii</strong></span> <span class='ocrx_word' id='word_1_64' title='bbox 1100 1012 1217 1077; x_wconf 81' lang='lat' dir='ltr'><strong>qnoque</strong></span> 
     </span>
     <span class='ocr_line' id='line_1_8' title="bbox 172 1092 1217 1191; baseline -0.001 -24"><span class='ocrx_word' id='word_1_65' title='bbox 172 1103 208 1168; x_wconf 94' lang='lat' dir='ltr'><strong>de</strong></span> <span class='ocrx_word' id='word_1_66' title='bbox 224 1103 280 1169; x_wconf 94' lang='lat' dir='ltr'><strong>hac</strong></span> <span class='ocrx_word' id='word_1_67' title='bbox 293 1104 487 1191; x_wconf 85' lang='lat' dir='ltr'><strong>inscriptione</strong></span> <span class='ocrx_word' id='word_1_68' title='bbox 502 1104 721 1190; x_wconf 82' lang='lat' dir='ltr'><strong>disquisitiones</strong></span> <span class='ocrx_word' id='word_1_69' title='bbox 741 1105 865 1168; x_wconf 87' lang='lat' dir='ltr'><strong>eandem</strong></span> <span class='ocrx_word' id='word_1_70' title='bbox 880 1101 918 1166; x_wconf 85' lang='lat' dir='ltr'><strong>ob</strong></span> <span class='ocrx_word' id='word_1_71' title='bbox 933 1123 1052 1166; x_wconf 87' lang='lat' dir='ltr'><strong>causam</strong></span> <span class='ocrx_word' id='word_1_72' title='bbox 1067 1092 1217 1186; x_wconf 78' lang='lat' dir='ltr'><strong>nunqnam</strong></span> 
     </span>
     <span class='ocr_line' id='line_1_9' title="bbox 170 1203 1217 1293; baseline 0 -24"><span class='ocrx_word' id='word_1_73' title='bbox 170 1204 385 1271; x_wconf 88' lang='lat' dir='ltr'><strong>incrementum</strong></span> <span class='ocrx_word' id='word_1_74' title='bbox 407 1228 514 1293; x_wconf 90' lang='lat' dir='ltr'><strong>capere</strong></span> <span class='ocrx_word' id='word_1_75' title='bbox 536 1216 694 1293; x_wconf 87' lang='lat' dir='ltr'><strong>potuerunt</strong></span> <span class='ocrx_word' id='word_1_76' title='bbox 714 1206 831 1285; x_wconf 87' lang='lat' dir='ltr'><strong>laetius,</strong></span> <span class='ocrx_word' id='word_1_77' title='bbox 856 1215 888 1269; x_wconf 87' lang='lat' dir='ltr'><strong>ut</strong></span> <span class='ocrx_word' id='word_1_78' title='bbox 902 1223 944 1268; x_wconf 86' lang='lat' dir='ltr'><strong>ex</strong></span> <span class='ocrx_word' id='word_1_79' title='bbox 957 1203 1074 1268; x_wconf 87' lang='lat' dir='ltr'><strong>schedis</strong></span> <span class='ocrx_word' id='word_1_80' title='bbox 1089 1203 1217 1269; x_wconf 74' lang='lat' dir='ltr'><strong>eins&#39;re·</strong></span> 
     </span>
     <span class='ocr_line' id='line_1_10' title="bbox 171 1306 1086 1395; baseline 0.001 -24"><span class='ocrx_word' id='word_1_81' title='bbox 171 1306 248 1374; x_wconf 85' lang='lat' dir='ltr'><strong>lictis</strong></span> <span class='ocrx_word' id='word_1_82' title='bbox 264 1319 396 1395; x_wconf 88' lang='lat' dir='ltr'><strong>apparet.</strong></span> <span class='ocrx_word' id='word_1_83' title='bbox 1082 1384 1086 1389; x_wconf 37' lang='grc'><em>,</em></span> 
     </span>
    </p>

    <p class='ocr_par' dir='ltr' id='par_1_3' title="bbox 170 1406 1256 2108">
     <span class='ocr_line' id='line_1_11' title="bbox 258 1406 1227 1495; baseline -0.002 -20"><span class='ocrx_word' id='word_1_84' title='bbox 258 1409 564 1494; x_wconf 82' lang='lat' dir='ltr'><strong>Grcteiendus1)</strong></span> <span class='ocrx_word' id='word_1_85' title='bbox 579 1421 689 1490; x_wconf 89' lang='lat' dir='ltr'><strong>autem,</strong></span> <span class='ocrx_word' id='word_1_86' title='bbox 714 1410 763 1493; x_wconf 76' lang='lat' dir='ltr'><strong>qni</strong></span> <span class='ocrx_word' id='word_1_87' title='bbox 777 1408 934 1495; x_wconf 86' lang='lat' dir='ltr'><strong>pessimam</strong></span> <span class='ocrx_word' id='word_1_88' title='bbox 948 1407 1081 1474; x_wconf 86' lang='lat' dir='ltr'><strong>Passerii</strong></span> <span class='ocrx_word' id='word_1_89' title='bbox 1095 1406 1227 1473; x_wconf 74' lang='lat' dir='ltr'><strong>secuturo</strong></span> 
     </span>
     <span class='ocr_line' id='line_1_12' title="bbox 171 1500 1218 1598; baseline 0.001 -21"><span class='ocrx_word' id='word_1_90' title='bbox 171 1523 219 1577; x_wconf 87' lang='lat' dir='ltr'><strong>est</strong></span> <span class='ocrx_word' id='word_1_91' title='bbox 241 1521 272 1576; x_wconf 89' lang='lat' dir='ltr'><strong>et</strong></span> <span class='ocrx_word' id='word_1_92' title='bbox 292 1513 388 1576; x_wconf 87' lang='lat' dir='ltr'><strong>denuo</strong></span> <span class='ocrx_word' id='word_1_93' title='bbox 411 1512 562 1595; x_wconf 82' lang='lat' dir='ltr'><strong>evulgavit</strong></span> <span class='ocrx_word' id='word_1_94' title='bbox 583 1512 756 1591; x_wconf 88' lang='lat' dir='ltr'><strong>editionem,</strong></span> <span class='ocrx_word' id='word_1_95' title='bbox 792 1510 828 1575; x_wconf 91' lang='lat' dir='ltr'><strong>ad</strong></span> <span class='ocrx_word' id='word_1_96' title='bbox 850 1534 939 1576; x_wconf 90' lang='lat' dir='ltr'><strong>unam</strong></span> <span class='ocrx_word' id='word_1_97' title='bbox 961 1532 1063 1577; x_wconf 91' lang='lat' dir='ltr'><strong>omnes</strong></span> <span class='ocrx_word' id='word_1_98' title='bbox 1085 1500 1218 1598; x_wconf 75' lang='lat' dir='ltr'><strong>explieat</strong></span> 
     </span>
     <span class='ocr_line' id='line_1_13' title="bbox 170 1600 1256 1701; baseline 0.004 -25"><span class='ocrx_word' id='word_1_99' title='bbox 170 1630 263 1676; x_wconf 87' lang='lat' dir='ltr'><strong>voces</strong></span> <span class='ocrx_word' id='word_1_100' title='bbox 286 1610 375 1675; x_wconf 88' lang='lat' dir='ltr'><strong>totius</strong></span> <span class='ocrx_word' id='word_1_101' title='bbox 401 1613 614 1698; x_wconf 85' lang='lat' dir='ltr'><strong>inscriptionis.</strong></span> <span class='ocrx_word' id='word_1_102' title='bbox 652 1612 830 1699; x_wconf 84' lang='lat' dir='ltr'><strong>Exemplum</strong></span> <span class='ocrx_word' id='word_1_103' title='bbox 857 1613 942 1678; x_wconf 92' lang='lat' dir='ltr'><strong>huius</strong></span> <span class='ocrx_word' id='word_1_104' title='bbox 964 1610 1217 1701; x_wconf 64' lang='lat' dir='ltr'><strong>interpretationis]</strong></span> <span class='ocrx_word' id='word_1_105' title='bbox 1248 1600 1256 1613; x_wconf 53' lang='lat'><strong>⁹</strong></span> 
     </span>
     <span class='ocr_line' id='line_1_14' title="bbox 170 1700 1221 1801; baseline 0.005 -25"><span class='ocrx_word' id='word_1_106' title='bbox 170 1713 319 1798; x_wconf 87' lang='lat' dir='ltr'><strong>proferam</strong></span> <span class='ocrx_word' id='word_1_107' title='bbox 341 1712 373 1777; x_wconf 92' lang='lat' dir='ltr'><strong>in</strong></span> <span class='ocrx_word' id='word_1_108' title='bbox 395 1726 521 1798; x_wconf 86' lang='lat' dir='ltr'><strong>quatuor</strong></span> <span class='ocrx_word' id='word_1_109' title='bbox 535 1700 636 1801; x_wconf 91' lang='lat' dir='ltr'><strong>primis</strong></span> <span class='ocrx_word' id='word_1_110' title='bbox 651 1715 737 1779; x_wconf 89' lang='lat' dir='ltr'><strong>lineis</strong></span> <span class='ocrx_word' id='word_1_111' title='bbox 753 1736 825 1799; x_wconf 92' lang='lat' dir='ltr'><strong>quas</strong></span> <span class='ocrx_word' id='word_1_112' title='bbox 840 1737 892 1801; x_wconf 91' lang='lat' dir='ltr'><strong>pro</strong></span> <span class='ocrx_word' id='word_1_113' title='bbox 907 1714 991 1778; x_wconf 86' lang='lat' dir='ltr'><strong>initio</strong></span> <span class='ocrx_word' id='word_1_114' title='bbox 1006 1717 1096 1780; x_wconf 87' lang='lat' dir='ltr'><strong>totius</strong></span> <span class='ocrx_word' id='word_1_115' title='bbox 1110 1736 1221 1781; x_wconf 87' lang='lat' dir='ltr'><strong>monn--</strong></span> 
     </span>
     <span class='ocr_line' id='line_1_15' title="bbox 170 1810 1217 1903; baseline 0.005 -25"><span class='ocrx_word' id='word_1_116' title='bbox 170 1814 263 1879; x_wconf 90' lang='lat' dir='ltr'><strong>menti</strong></span> <span class='ocrx_word' id='word_1_117' title='bbox 282 1815 384 1879; x_wconf 87' lang='lat' dir='ltr'><strong>hahuit</strong></span> <span class='ocrx_word' id='word_1_118' title='bbox 404 1829 434 1881; x_wconf 87' lang='lat' dir='ltr'><strong>et</strong></span> <span class='ocrx_word' id='word_1_119' title='bbox 456 1824 579 1902; x_wconf 81' lang='lat' dir='ltr'><strong>quarum</strong></span> <span class='ocrx_word' id='word_1_120' title='bbox 602 1819 825 1903; x_wconf 73' lang='lat' dir='ltr'><strong>pumannum,</strong></span> <span class='ocrx_word' id='word_1_121' title='bbox 849 1817 979 1882; x_wconf 91' lang='lat' dir='ltr'><strong>secunda</strong></span> <span class='ocrx_word' id='word_1_122' title='bbox 1001 1839 1101 1896; x_wconf 91' lang='lat' dir='ltr'><strong>unum,</strong></span> <span class='ocrx_word' id='word_1_123' title='bbox 1124 1810 1217 1883; x_wconf 77' lang='lat' dir='ltr'><strong>tertie</strong></span> 
     </span>
     <span class='ocr_line' id='line_1_16' title="bbox 171 1914 1217 2007; baseline 0.004 -25"><span class='ocrx_word' id='word_1_124' title='bbox 171 1916 239 1997; x_wconf 89' lang='lat' dir='ltr'><strong>duo,</strong></span> <span class='ocrx_word' id='word_1_125' title='bbox 264 1929 367 2002; x_wconf 83' lang='lat' dir='ltr'><strong>quarta</strong></span> <span class='ocrx_word' id='word_1_126' title='bbox 381 1919 440 1983; x_wconf 86' lang='lat' dir='ltr'><strong>tria</strong></span> <span class='ocrx_word' id='word_1_127' title='bbox 454 1920 589 1985; x_wconf 87' lang='lat' dir='ltr'><strong>exhibuit</strong></span> <span class='ocrx_word' id='word_1_128' title='bbox 601 1920 695 1985; x_wconf 85' lang='lat' dir='ltr'><strong>verba</strong></span> <span class='ocrx_word' id='word_1_129' title='bbox 708 1920 757 1984; x_wconf 89' lang='lat' dir='ltr'><strong>vel</strong></span> <span class='ocrx_word' id='word_1_130' title='bbox 771 1918 930 2007; x_wconf 84' lang='lat' dir='ltr'><strong>verborum</strong></span> <span class='ocrx_word' id='word_1_131' title='bbox 944 1921 1123 2004; x_wconf 85' lang='lat' dir='ltr'><strong>fragmenta.</strong></span> <span class='ocrx_word' id='word_1_132' title='bbox 1147 1914 1217 1986; x_wconf 81' lang='lat' dir='ltr'><strong>Hoc</strong></span> 
     </span>
     <span class='ocr_line' id='line_1_17' title="bbox 170 2018 970 2108; baseline -0.001 -25"><span class='ocrx_word' id='word_1_133' title='bbox 170 2018 285 2084; x_wconf 85' lang='lat' dir='ltr'><strong>initium</strong></span> <span class='ocrx_word' id='word_1_134' title='bbox 299 2042 359 2084; x_wconf 92' lang='lat' dir='ltr'><strong>uno</strong></span> <span class='ocrx_word' id='word_1_135' title='bbox 374 2033 479 2086; x_wconf 85' lang='lat' dir='ltr'><strong>tenore</strong></span> <span class='ocrx_word' id='word_1_136' title='bbox 493 2022 565 2107; x_wconf 92' lang='lat' dir='ltr'><strong>legit</strong></span> <span class='ocrx_word' id='word_1_137' title='bbox 580 2023 667 2086; x_wconf 86' lang='lat' dir='ltr'><strong>etsie</strong></span> <span class='ocrx_word' id='word_1_138' title='bbox 682 2023 891 2108; x_wconf 86' lang='lat' dir='ltr'><strong>interpretatus</strong></span> <span class='ocrx_word' id='word_1_139' title='bbox 907 2031 970 2085; x_wconf 81' lang='lat' dir='ltr'><strong>est:</strong></span> 
     </span>
    </p>
   </div>
   <div class='ocr_carea' id='block_1_3' title="bbox 234 2122 1216 2333">
    <p class='ocr_par' dir='ltr' id='par_1_4' title="bbox 234 2122 1216 2333">
     <span class='ocr_line' id='line_1_18' title="bbox 234 2122 1216 2201; baseline 0.006 -7"><span class='ocrx_word' id='word_1_140' title='bbox 234 2142 237 2147; x_wconf 84' lang='lat'>&#39;</span> <span class='ocrx_word' id='word_1_141' title='bbox 303 2122 462 2197; x_wconf 74' lang='lat' dir='ltr'><strong>Eklaoma</strong></span> <span class='ocrx_word' id='word_1_142' title='bbox 530 2124 732 2197; x_wconf 73' lang='lat' dir='ltr'><strong>triibalalcae</strong></span> <span class='ocrx_word' id='word_1_143' title='bbox 871 2122 1007 2198; x_wconf 87' lang='lat' dir='ltr'><strong>liimitel</strong></span> <span class='ocrx_word' id='word_1_144' title='bbox 1032 2125 1216 2201; x_wconf 78' lang='lat' dir='ltr'><strong>Heracleis</strong></span> 
     </span>
     <span class='ocr_line' id='line_1_19' title="bbox 255 2230 1172 2333; baseline 0.004 -32"><span class='ocrx_word' id='word_1_145' title='bbox 255 2232 324 2320; x_wconf 79' lang='lat' dir='ltr'><strong>Qua</strong></span> <span class='ocrx_word' id='word_1_146' title='bbox 353 2259 394 2304; x_wconf 80' lang='lat' dir='ltr'><strong>ex</strong></span> <span class='ocrx_word' id='word_1_147' title='bbox 422 2251 505 2325; x_wconf 86' lang='lat' dir='ltr'><strong>parte</strong></span> <span class='ocrx_word' id='word_1_148' title='bbox 533 2240 695 2305; x_wconf 86' lang='lat' dir='ltr'><strong>tribulosac</strong></span> <span class='ocrx_word' id='word_1_149' title='bbox 718 2241 846 2324; x_wconf 85' lang='lat' dir='ltr'><strong>(terrae)</strong></span> <span class='ocrx_word' id='word_1_150' title='bbox 875 2238 959 2304; x_wconf 90' lang='lat' dir='ltr'><strong>limes</strong></span> <span class='ocrx_word' id='word_1_151' title='bbox 1031 2230 1172 2333; x_wconf 75' lang='lat' dir='ltr'><strong>Herculis</strong></span> 
     </span>
    </p>
   </div>
   <div class='ocr_carea' id='block_1_4' title="bbox 151 2358 1234 3788">
    <p class='ocr_par' dir='ltr' id='par_1_5' title="bbox 151 2358 822 2664">
     <span class='ocr_line' id='line_1_20' title="bbox 170 2358 474 2432; baseline 0.01 -3"><span class='ocrx_word' id='word_1_152' title='bbox 170 2358 283 2430; x_wconf 77' lang='lat' dir='ltr'><strong>iiisno</strong></span> <span class='ocrx_word' id='word_1_153' title='bbox 309 2359 391 2431; x_wconf 87' lang='lat' dir='ltr'><strong>meli</strong></span> <span class='ocrx_word' id='word_1_154' title='bbox 417 2362 474 2432; x_wconf 88' lang='lat' dir='ltr'><strong>ist.</strong></span> 
     </span>
     <span class='ocr_line' id='line_1_21' title="bbox 151 2474 471 2540; baseline 0.003 -1"><span class='ocrx_word' id='word_1_155' title='bbox 151 2476 257 2540; x_wconf 76' lang='lat' dir='ltr'><strong>&#39;liceto</strong></span> <span class='ocrx_word' id='word_1_156' title='bbox 278 2474 391 2539; x_wconf 91' lang='lat' dir='ltr'><strong>medius</strong></span> <span class='ocrx_word' id='word_1_157' title='bbox 414 2486 471 2540; x_wconf 86' lang='lat' dir='ltr'><strong>cst.</strong></span> 
     </span>
     <span class='ocr_line' id='line_1_22' title="bbox 169 2577 822 2664; baseline 0.002 -23"><span class='ocrx_word' id='word_1_158' title='bbox 169 2577 255 2662; x_wconf 89' lang='lat' dir='ltr'><strong>quale</strong></span> <span class='ocrx_word' id='word_1_159' title='bbox 270 2597 324 2642; x_wconf 88' lang='lat' dir='ltr'><strong>uos</strong></span> <span class='ocrx_word' id='word_1_160' title='bbox 339 2598 381 2642; x_wconf 79' lang='lat' dir='ltr'><strong>cx</strong></span> <span class='ocrx_word' id='word_1_161' title='bbox 394 2591 585 2644; x_wconf 89' lang='lat' dir='ltr'><strong>monumento</strong></span> <span class='ocrx_word' id='word_1_162' title='bbox 599 2583 663 2664; x_wconf 92' lang='lat' dir='ltr'><strong>ipso</strong></span> <span class='ocrx_word' id='word_1_163' title='bbox 678 2580 822 2645; x_wconf 85' lang='lat' dir='ltr'><strong>dedimus.</strong></span> 
     </span>
    </p>

    <p class='ocr_par' dir='ltr' id='par_1_6' title="bbox 168 2675 1223 2975">
     <span class='ocr_line' id='line_1_23' title="bbox 252 2675 1214 2768; baseline 0.002 -24"><span class='ocrx_word' id='word_1_164' title='bbox 252 2675 380 2744; x_wconf 88' lang='lat' dir='ltr'><strong>Ultimus</strong></span> <span class='ocrx_word' id='word_1_165' title='bbox 401 2683 597 2746; x_wconf 90' lang='lat' dir='ltr'><strong>nominandus</strong></span> <span class='ocrx_word' id='word_1_166' title='bbox 613 2692 659 2745; x_wconf 92' lang='lat' dir='ltr'><strong>cst</strong></span> <span class='ocrx_word' id='word_1_167' title='bbox 674 2680 889 2746; x_wconf 88' lang='lat' dir='ltr'><strong>Guarinius</strong></span> <span class='ocrx_word' id='word_1_168' title='bbox 900 2687 928 2762; x_wconf 75' lang='lat'><strong>²)</strong></span> <span class='ocrx_word' id='word_1_169' title='bbox 951 2679 1000 2763; x_wconf 84' lang='lat' dir='ltr'><strong>qui</strong></span> <span class='ocrx_word' id='word_1_170' title='bbox 1014 2701 1045 2744; x_wconf 89' lang='lat' dir='ltr'><strong>a.</strong></span> <span class='ocrx_word' id='word_1_171' title='bbox 1062 2677 1147 2746; x_wconf 75' lang='lat'>183⁹</span> <span class='ocrx_word' id='word_1_172' title='bbox 1161 2702 1214 2768; x_wconf 88' lang='lat' dir='ltr'><strong>pe-</strong></span> 
     </span>
     <span class='ocr_line' id='line_1_24' title="bbox 168 2768 1223 2869; baseline 0.007 -25"><span class='ocrx_word' id='word_1_173' title='bbox 168 2780 309 2845; x_wconf 83' lang='lat' dir='ltr'><strong>culiarem</strong></span> <span class='ocrx_word' id='word_1_174' title='bbox 328 2782 442 2846; x_wconf 84' lang='lat' dir='ltr'><strong>librum</strong></span> <span class='ocrx_word' id='word_1_175' title='bbox 456 2784 575 2868; x_wconf 73' lang='lat' dir='ltr'><strong>scripsit</strong></span> <span class='ocrx_word' id='word_1_176' title='bbox 597 2784 633 2846; x_wconf 93' lang='lat' dir='ltr'><strong>de</strong></span> <span class='ocrx_word' id='word_1_177' title='bbox 653 2783 709 2847; x_wconf 89' lang='lat' dir='ltr'><strong>hoc</strong></span> <span class='ocrx_word' id='word_1_178' title='bbox 730 2792 919 2846; x_wconf 88' lang='lat' dir='ltr'><strong>monumento</strong></span> <span class='ocrx_word' id='word_1_179' title='bbox 942 2791 973 2845; x_wconf 88' lang='lat' dir='ltr'><strong>et</strong></span> <span class='ocrx_word' id='word_1_180' title='bbox 993 2768 1223 2869; x_wconf 45' lang='lat' dir='ltr'><strong>interpretatio*</strong></span> 
     </span>
     <span class='ocr_line' id='line_1_25' title="bbox 168 2878 1194 2975; baseline 0.001 -29"><span class='ocrx_word' id='word_1_181' title='bbox 168 2902 237 2946; x_wconf 93' lang='lat' dir='ltr'><strong>nem</strong></span> <span class='ocrx_word' id='word_1_182' title='bbox 253 2881 371 2961; x_wconf 91' lang='lat' dir='ltr'><strong>adiecit,</strong></span> <span class='ocrx_word' id='word_1_183' title='bbox 395 2898 482 2966; x_wconf 88' lang='lat' dir='ltr'><strong>quam</strong></span> <span class='ocrx_word' id='word_1_184' title='bbox 496 2883 560 2966; x_wconf 90' lang='lat' dir='ltr'><strong>ipsc</strong></span> <span class='ocrx_word' id='word_1_185' title='bbox 576 2882 690 2966; x_wconf 88' lang='lat' dir='ltr'><strong>quidem</strong></span> <span class='ocrx_word' id='word_1_186' title='bbox 707 2883 916 2947; x_wconf 90' lang='lat' dir='ltr'><strong>divinationem</strong></span> <span class='ocrx_word' id='word_1_187' title='bbox 932 2878 1092 2969; x_wconf 74' lang='lat' dir='ltr'><strong>nuncupat.</strong></span> <span class='ocrx_word' id='word_1_188' title='bbox 1158 2944 1168 2965; x_wconf 32' lang='lat'><strong>,¹</strong></span> <span class='ocrx_word' id='word_1_189' title='bbox 1190 2966 1194 2975; x_wconf 28' lang='grc' dir='ltr'>Ι</span> 
     </span>
    </p>

    <p class='ocr_par' dir='ltr' id='par_1_7' title="bbox 164 2978 1234 3788">
     <span class='ocr_line' id='line_1_26' title="bbox 255 2978 1214 3085; baseline 0.002 -36"><span class='ocrx_word' id='word_1_190' title='bbox 255 2978 399 3077; x_wconf 71' lang='lat' dir='ltr'><strong>Ordippem</strong></span> <span class='ocrx_word' id='word_1_191' title='bbox 420 2984 544 3051; x_wconf 85' lang='lat' dir='ltr'><strong>unorum</strong></span> <span class='ocrx_word' id='word_1_192' title='bbox 564 2984 690 3061; x_wconf 85' lang='lat' dir='ltr'><strong>laterum</strong></span> <span class='ocrx_word' id='word_1_193' title='bbox 711 2984 789 3070; x_wconf 84' lang='lat' dir='ltr'><strong>cippi</strong></span> <span class='ocrx_word' id='word_1_194' title='bbox 809 2985 1009 3050; x_wconf 89' lang='lat' dir='ltr'><strong>convertimus</strong></span> <span class='ocrx_word' id='word_1_195' title='bbox 1030 2996 1135 3085; x_wconf 73' lang='lat' dir='ltr'><strong>contra</strong></span> <span class='ocrx_word' id='word_1_196' title='bbox 1149 2987 1214 3075; x_wconf 87' lang='lat' dir='ltr'><strong>opi-</strong></span> 
     </span>
     <span class='ocr_line' id='line_1_27' title="bbox 170 3083 1214 3168; baseline 0.007 -18"><span class='ocrx_word' id='word_1_197' title='bbox 170 3083 291 3150; x_wconf 90' lang='lat' dir='ltr'><strong>nionem</strong></span> <span class='ocrx_word' id='word_1_198' title='bbox 306 3106 408 3149; x_wconf 91' lang='lat' dir='ltr'><strong>eorum</strong></span> <span class='ocrx_word' id='word_1_199' title='bbox 424 3086 473 3168; x_wconf 91' lang='lat' dir='ltr'><strong>qui</strong></span> <span class='ocrx_word' id='word_1_200' title='bbox 488 3097 557 3153; x_wconf 87' lang='lat' dir='ltr'><strong>autc</strong></span> <span class='ocrx_word' id='word_1_201' title='bbox 572 3107 628 3151; x_wconf 87' lang='lat' dir='ltr'><strong>nos</strong></span> <span class='ocrx_word' id='word_1_202' title='bbox 643 3107 709 3153; x_wconf 87' lang='lat' dir='ltr'><strong>eum</strong></span> <span class='ocrx_word' id='word_1_203' title='bbox 724 3087 889 3153; x_wconf 82' lang='lat' dir='ltr'><strong>ediderumt.</strong></span> <span class='ocrx_word' id='word_1_204' title='bbox 927 3085 1011 3153; x_wconf 78' lang='lat' dir='ltr'><strong>Finis</strong></span> <span class='ocrx_word' id='word_1_205' title='bbox 1026 3087 1214 3157; x_wconf 75' lang='lat' dir='ltr'><strong>artmano-</strong></span> 
     </span>
     <span class='ocr_line' id='line_1_28' title="bbox 164 3186 1213 3270; baseline 0.002 -17"><span class='ocrx_word' id='word_1_206' title='bbox 164 3198 250 3253; x_wconf 82' lang='lat' dir='ltr'><strong>stcae</strong></span> <span class='ocrx_word' id='word_1_207' title='bbox 265 3186 405 3270; x_wconf 84' lang='lat' dir='ltr'><strong>abruptus</strong></span> <span class='ocrx_word' id='word_1_208' title='bbox 420 3187 536 3270; x_wconf 73' lang='lat' dir='ltr'><strong>pridem</strong></span> <span class='ocrx_word' id='word_1_209' title='bbox 552 3198 613 3266; x_wconf 83' lang='lat' dir='ltr'><strong>est3</strong></span> <span class='ocrx_word' id='word_1_210' title='bbox 638 3190 690 3253; x_wconf 93' lang='lat' dir='ltr'><strong>sed</strong></span> <span class='ocrx_word' id='word_1_211' title='bbox 704 3190 777 3253; x_wconf 90' lang='lat' dir='ltr'><strong>duas</strong></span> <span class='ocrx_word' id='word_1_212' title='bbox 793 3187 934 3252; x_wconf 87' lang='lat' dir='ltr'><strong>habemus</strong></span> <span class='ocrx_word' id='word_1_213' title='bbox 948 3189 1080 3254; x_wconf 84' lang='lat' dir='ltr'><strong>rationes</strong></span> <span class='ocrx_word' id='word_1_214' title='bbox 1102 3189 1140 3253; x_wconf 85' lang='lat' dir='ltr'><strong>nd</strong></span> <span class='ocrx_word' id='word_1_215' title='bbox 1162 3211 1213 3255; x_wconf 86' lang='lat' dir='ltr'><strong>or·</strong></span> 
     </span>
     <span class='ocr_line' id='line_1_29' title="bbox 168 3286 1215 3378; baseline 0.005 -24"><span class='ocrx_word' id='word_1_216' title='bbox 168 3288 414 3354; x_wconf 73' lang='lat' dir='ltr'><strong>tirannorum</strong></span> <span class='ocrx_word' id='word_1_217' title='bbox 430 3288 695 3372; x_wconf 67' lang='lat' dir='ltr'><strong>comprobandum</strong></span> <span class='ocrx_word' id='word_1_218' title='bbox 720 3291 844 3378; x_wconf 91' lang='lat' dir='ltr'><strong>primam</strong></span> <span class='ocrx_word' id='word_1_219' title='bbox 859 3310 936 3367; x_wconf 89' lang='lat' dir='ltr'><strong>eam,</strong></span> <span class='ocrx_word' id='word_1_220' title='bbox 961 3290 1037 3374; x_wconf 71' lang='lat' dir='ltr'><strong>cuod</strong></span> <span class='ocrx_word' id='word_1_221' title='bbox 1051 3291 1083 3356; x_wconf 94' lang='lat' dir='ltr'><strong>iu</strong></span> <span class='ocrx_word' id='word_1_222' title='bbox 1097 3286 1215 3377; x_wconf 66' lang='lat' dir='ltr'><strong>pauca</strong></span> 
     </span>
     <span class='ocr_line' id='line_1_30' title="bbox 166 3389 1214 3481; baseline 0.007 -27"><span class='ocrx_word' id='word_1_223' title='bbox 166 3391 255 3461; x_wconf 77' lang='lat' dir='ltr'><strong>finem</strong></span> <span class='ocrx_word' id='word_1_224' title='bbox 276 3389 409 3456; x_wconf 90' lang='lat' dir='ltr'><strong>videmus</strong></span> <span class='ocrx_word' id='word_1_225' title='bbox 432 3390 627 3456; x_wconf 84' lang='lat' dir='ltr'><strong>certissimum</strong></span> <span class='ocrx_word' id='word_1_226' title='bbox 647 3404 677 3457; x_wconf 90' lang='lat' dir='ltr'><strong>et</strong></span> <span class='ocrx_word' id='word_1_227' title='bbox 698 3393 823 3481; x_wconf 85' lang='lat' dir='ltr'><strong>spatium</strong></span> <span class='ocrx_word' id='word_1_228' title='bbox 844 3392 990 3458; x_wconf 88' lang='lat' dir='ltr'><strong>sufficiens</strong></span> <span class='ocrx_word' id='word_1_229' title='bbox 1013 3395 1050 3458; x_wconf 89' lang='lat' dir='ltr'><strong>ad</strong></span> <span class='ocrx_word' id='word_1_230' title='bbox 1068 3393 1214 3480; x_wconf 88' lang='lat' dir='ltr'><strong>incipien-</strong></span> 
     </span>
     <span class='ocr_line' id='line_1_31' title="bbox 165 3491 1234 3579; baseline 0.005 -20"><span class='ocrx_word' id='word_1_231' title='bbox 165 3491 234 3559; x_wconf 86' lang='lat' dir='ltr'><strong>dam</strong></span> <span class='ocrx_word' id='word_1_232' title='bbox 253 3515 363 3560; x_wconf 90' lang='lat' dir='ltr'><strong>novam</strong></span> <span class='ocrx_word' id='word_1_233' title='bbox 383 3492 623 3579; x_wconf 69' lang='lat' dir='ltr'><strong>inscriptionem</strong></span> <span class='ocrx_word' id='word_1_234' title='bbox 650 3495 772 3562; x_wconf 89' lang='lat' dir='ltr'><strong>alteram</strong></span> <span class='ocrx_word' id='word_1_235' title='bbox 794 3517 881 3579; x_wconf 85' lang='lat' dir='ltr'><strong>quarn</strong></span> <span class='ocrx_word' id='word_1_236' title='bbox 903 3495 1028 3579; x_wconf 84' lang='lat' dir='ltr'><strong>petimus</strong></span> <span class='ocrx_word' id='word_1_237' title='bbox 1049 3518 1091 3563; x_wconf 86' lang='lat' dir='ltr'><strong>ex</strong></span> <span class='ocrx_word' id='word_1_238' title='bbox 1103 3494 1234 3564; x_wconf 80' lang='lat' dir='ltr'><strong>litteris·</strong></span> 
     </span>
     <span class='ocr_line' id='line_1_32' title="bbox 165 3593 1211 3682; baseline 0.004 -22"><span class='ocrx_word' id='word_1_239' title='bbox 165 3593 276 3680; x_wconf 84' lang='lat' dir='ltr'><strong>ligatis.</strong></span> <span class='ocrx_word' id='word_1_240' title='bbox 313 3594 350 3660; x_wconf 95' lang='lat' dir='ltr'><strong>ln</strong></span> <span class='ocrx_word' id='word_1_241' title='bbox 371 3597 471 3662; x_wconf 90' lang='lat' dir='ltr'><strong>antica</strong></span> <span class='ocrx_word' id='word_1_242' title='bbox 492 3597 570 3661; x_wconf 85' lang='lat' dir='ltr'><strong>enim</strong></span> <span class='ocrx_word' id='word_1_243' title='bbox 584 3597 701 3664; x_wconf 83' lang='lat' dir='ltr'><strong>litterae</strong></span> <span class='ocrx_word' id='word_1_244' title='bbox 722 3598 833 3682; x_wconf 80' lang='lat' dir='ltr'><strong>ligatae</strong></span> <span class='ocrx_word' id='word_1_245' title='bbox 851 3597 1023 3663; x_wconf 82' lang='lat' dir='ltr'><strong>rarissimae</strong></span> <span class='ocrx_word' id='word_1_246' title='bbox 1036 3609 1124 3679; x_wconf 68' lang='lat' dir='ltr'><strong>sunta</strong></span> <span class='ocrx_word' id='word_1_247' title='bbox 1149 3621 1211 3664; x_wconf 92' lang='lat' dir='ltr'><strong>nou</strong></span> 
     </span>
     <span class='ocr_line' id='line_1_33' title="bbox 165 3697 1210 3788; baseline 0.005 -26"><span class='ocrx_word' id='word_1_248' title='bbox 165 3697 243 3763; x_wconf 87' lang='lat' dir='ltr'><strong>ultra</strong></span> <span class='ocrx_word' id='word_1_249' title='bbox 265 3718 373 3763; x_wconf 86' lang='lat' dir='ltr'><strong>novum</strong></span> <span class='ocrx_word' id='word_1_250' title='bbox 395 3699 516 3764; x_wconf 92' lang='lat' dir='ltr'><strong>omnino</strong></span> <span class='ocrx_word' id='word_1_251' title='bbox 538 3711 680 3781; x_wconf 67' lang='lat' dir='ltr'><strong>exstamp</strong></span> <span class='ocrx_word' id='word_1_252' title='bbox 714 3701 747 3764; x_wconf 93' lang='lat' dir='ltr'><strong>in</strong></span> <span class='ocrx_word' id='word_1_253' title='bbox 768 3699 900 3784; x_wconf 88' lang='lat' dir='ltr'><strong>posticae</strong></span> <span class='ocrx_word' id='word_1_254' title='bbox 929 3721 1044 3785; x_wconf 79' lang='lat' dir='ltr'><strong>quoque</strong></span> <span class='ocrx_word' id='word_1_255' title='bbox 1066 3699 1210 3788; x_wconf 88' lang='lat' dir='ltr'><strong>principio</strong></span> 
     </span>
    </p>
   </div>
   <div class='ocr_carea' id='block_1_5' title="bbox 519 2420 1212 2507">
    <p class='ocr_par' dir='ltr' id='par_1_8' title="bbox 519 2420 1212 2507">
     <span class='ocr_line' id='line_1_34' title="bbox 519 2420 1212 2507; baseline 0.004 -21"><span class='ocrx_word' id='word_1_256' title='bbox 519 2420 562 2486; x_wconf 86' lang='lat' dir='ltr'><strong>Et</strong></span> <span class='ocrx_word' id='word_1_257' title='bbox 589 2444 668 2487; x_wconf 90' lang='lat' dir='ltr'><strong>nunc</strong></span> <span class='ocrx_word' id='word_1_258' title='bbox 697 2442 836 2507; x_wconf 89' lang='lat' dir='ltr'><strong>compara</strong></span> <span class='ocrx_word' id='word_1_259' title='bbox 859 2420 901 2485; x_wconf 92' lang='lat' dir='ltr'><strong>sis</strong></span> <span class='ocrx_word' id='word_1_260' title='bbox 924 2420 1040 2485; x_wconf 90' lang='lat' dir='ltr'><strong>initium</strong></span> <span class='ocrx_word' id='word_1_261' title='bbox 1066 2421 1212 2507; x_wconf 89' lang='lat' dir='ltr'><strong>posticae,</strong></span> 
     </span>
    </p>
   </div>
   <div class='ocr_carea' id='block_1_6' title="bbox 231 3956 1187 4112">
    <p class='ocr_par' dir='ltr' id='par_1_9' title="bbox 231 3956 1187 4112">
     <span class='ocr_line' id='line_1_35' title="bbox 234 3956 775 4025; baseline -0.004 -15"><span class='ocrx_word' id='word_1_262' title='bbox 234 3956 261 4022; x_wconf 88' lang='lat' dir='ltr'><strong>l)</strong></span> <span class='ocrx_word' id='word_1_263' title='bbox 280 3956 435 4010; x_wconf 81' lang='lat' dir='ltr'><strong>Rudimenta</strong></span> <span class='ocrx_word' id='word_1_264' title='bbox 452 3958 556 4023; x_wconf 84' lang='lat' dir='ltr'><strong>liuguae</strong></span> <span class='ocrx_word' id='word_1_265' title='bbox 575 3957 668 4009; x_wconf 81' lang='lat' dir='ltr'><strong>Oscae.</strong></span> <span class='ocrx_word' id='word_1_266' title='bbox 688 3974 713 4025; x_wconf 96' lang='lat' dir='ltr'><strong>p.</strong></span> <span class='ocrx_word' id='word_1_267' title='bbox 733 3959 775 4010; x_wconf 77' lang='lat' dir='ltr'><strong>ll.</strong></span> 
     </span>
     <span class='ocr_line' id='line_1_36' title="bbox 231 4041 1187 4112; baseline 0.003 -16"><span class='ocrx_word' id='word_1_268' title='bbox 231 4041 260 4107; x_wconf 77' lang='lat'><strong>2)</strong></span> <span class='ocrx_word' id='word_1_269' title='bbox 279 4041 308 4097; x_wconf 92' lang='lat' dir='ltr'><strong>lu</strong></span> <span class='ocrx_word' id='word_1_270' title='bbox 326 4043 427 4112; x_wconf 87' lang='lat' dir='ltr'><strong>cippum</strong></span> <span class='ocrx_word' id='word_1_271' title='bbox 446 4041 859 4098; x_wconf 73' lang='lat' dir='ltr'><strong>orco-doclunnn-uivioruo.</strong></span> <span class='ocrx_word' id='word_1_272' title='bbox 884 4042 1009 4112; x_wconf 70' lang='lat' dir='ltr'><strong>Neapoli.</strong></span> <span class='ocrx_word' id='word_1_273' title='bbox 1024 4043 1113 4099; x_wconf 59' lang='lat' dir='ltr'><strong>18³⁹.ae</strong></span> <span class='ocrx_word' id='word_1_274' title='bbox 1136 4092 1139 4097; x_wconf 95' lang='lat'><strong>.</strong></span> <span class='ocrx_word' id='word_1_275' title='bbox 1184 4066 1187 4071; x_wconf 95' lang='lat'>·</span> 
     </span>
    </p>
   </div>
   <div class='ocr_carea' id='block_1_7' title="bbox 0 0 1384 4754">
    <p class='ocr_par' dir='ltr' id='par_1_10' title="bbox 0 0 1384 4754">
     <span class='ocr_line' id='line_1_37' title="bbox 0 0 1384 4754; baseline 0 0"><span class='ocrx_word' id='word_1_276' title='bbox 0 0 1384 4754; x_wconf 95' lang='lat' dir='ltr'><strong> </strong></span> 
     </span>
    </p>
   </div>
  </div>
 </body>
</html>
