2760 4754
512 316 661 363 ranunaa
684 318 878 363 sueonum
1195 303 1219 366 δ
1279 383 1283 389 .

175 460 256 525 ximo
277 481 351 526 vero
373 461 509 546 gaudio
499 464 617 528 interim
637 465 709 544 vidi,
734 466 807 530 duos
828 465 911 531 viros
926 467 1028 531 doctos
1043 486 1118 551 qnae
1132 467 1213 585 ineo
1279 495 1283 506 ι

174 583 274 646 peram
289 564 516 628 absolvendam
529 586 562 629 se
576 567 736 650 recepisse
808 615 812 623 =

257 664 339 729 Nam
354 686 391 729 eo
405 666 469 748 ipso
485 687 562 730 anno
578 689 635 750 quo
649 687 716 732 mea
736 669 961 747 commentatio,
985 670 1132 754 aliquanto
1146 682 1214 753 post

175 765 494 831 aliaLasseniide
516 767 622 832 tabuiis
643 769 798 853 eugubinis
820 770 899 834 edita
920 773 1016 855 est1).
1046 767 1213 835 Isvirdo-
1263 815 1265 819 ,
1311 854 1314 859 4

174 867 331 947 ctissimus,
354 879 507 953 postquam
521 870 684 935 luculenter
698 871 923 949 demonstravit,
940 882 1079 955 quantum
1093 871 1212 956 linguae

172 969 320 1032 umbrioae
342 970 472 1054 cognitio
495 955 531 1034 ed
548 972 667 1036 latinam
687 972 820 1056 aliasque
842 972 957 1036 italicas
979 973 1083 1036 melius
1104 973 1211 1037 intelli·
1272 1017 1279 1050 ⁴!

172 1072 282 1153 gendes
298 1092 355 1134 oon
356 1072 442 1149 ierat,
467 1071 503 1135 de
517 1073 681 1139 tabularum
696 1075 771 1138 iocis
786 1073 957 1156 quibusdam
972 1073 1041 1157 egit,
1064 1095 1114 1158 qm
1105 1074 1211 1138 facil·
1270 1120 1276 1136 s

170 1172 230 1235 limi
245 1173 282 1236 ad
297 1172 508 1255 explicandum¹
518 1195 585 1238 esse
598 1176 786 1240 videbantur.
811 1174 890 1240 Hine
904 1195 1080 1259 progressus
1095 1175 1211 1259 singula

170 1273 262 1337 verbe
283 1274 497 1357 verborumque
517 1277 627 1338 formas
648 1299 714 1339 cnm
728 1276 828 1339 latinis
843 1277 974 1339 eiusdem
988 1276 1034 1339 vis
1051 1298 1086 1340 ae
1100 1276 1211 1359 signiti-

133 1434 135 1438 ,
170 1375 294 1439 cationis
318 1376 452 1439 contulit.
490 1372 526 1438 In
541 1396 578 1439 ee
593 1377 707 1460 analysi
722 1398 782 1440 non
796 1377 893 1441 minus
909 1375 1034 1459 amplam
1049 1376 1232 1443 doctrinam
1316 1435 1318 1439 .

171 1477 299 1540 ostendit
312 1498 398 1558 quam
414 1476 543 1539 sobrium
558 1489 588 1541 et
602 1479 756 1542 subactum
770 1477 939 1560 ingenium,
963 1498 1089 1562 magnac
1103 1478 1133 1541 id
1147 1499 1211 1544 mo-

146 1568 148 1572 ’
171 1578 282 1641 destiae
297 1579 495 1641 coniunctum.
532 1576 609 1643 Mihi
624 1600 699 1662 quae
713 1578 746 1641 in
760 1577 824 1641 eius
840 1600 931 1662 opera
943 1579 1055 1662 requiri
1068 1580 1210 1644 videban-

170 1689 229 1756 tur,
252 1679 284 1741 in
299 1678 642 1762 scriptioneoomplexus
656 1703 722 1745 sum
736 1677 846 1743 Museo
859 1678 1006 1744 Rhenano
1021 1681 1133 1746 inserta
1142 1686 1181 1763 2).

164 1808 166 1813 ·
254 1777 361 1862 Longe
375 1780 488 1843 maiora
502 1781 619 1852 molitus
634 1793 679 1844 est
695 1778 734 1843 G.
748 1777 788 1843 F.
805 1778 1092 1860 Groteiendus,
1114 1780 1210 1868 Lycei

169 1879 384 1945 Hannoverani
404 1880 549 1958 director,
575 1881 624 1962 qui
644 1882 713 1943 inde
734 1880 771 1943 ab
786 1902 864 1943 auno
882 1880 964 1944 1835
980 1893 1047 1945 octo
1063 1904 1209 1946 commen-

169 1983 295 2046 tationes
319 1982 354 2044 de
373 1980 474 2064 lingua
495 1981 627 2045 umbrica
642 1982 732 2045 edidit
741 1985 779 2065 ³).
825 1979 1001 2064 Disqnisitio
1016 1993 1115 2046 tamen
1130 1983 1210 2048 nulla

167 2104 254 2167 qnam
277 2082 436 2165 perspicias
458 2083 573 2144 ratione
601 2081 734 2166 procedit
754 2092 786 2144 et
804 2082 836 2146 in
858 2083 981 2166 singulis
1003 2083 1128 2167 plurima
1149 2105 1209 2147 non

167 2195 225 2247 tam
242 2184 422 2267 argumentis
437 2183 627 2266 comprobata
641 2192 721 2262 sunt,
739 2204 826 2266 quam
840 2195 951 2248 temere
966 2185 1055 2248 iaota.
1079 2178 1209 2248 Omnino

168 2284 367 2350 Grotefendus
391 2307 451 2347 non
473 2285 590 2348 videtur
605 2285 787 2367 distinguere
801 2306 890 2368 posse
904 2285 983 2348 inter
996 2307 1033 2348 ea
1048 2305 1122 2368 quae
1138 2299 1208 2348 con-

167 2388 280 2450 iectura
294 2407 386 2468 quens
402 2387 520 2470 assequi
535 2398 565 2450 et
579 2408 615 2451 ea
630 2408 704 2470 quae
719 2387 787 2450 sciri
804 2397 834 2450 ct
849 2386 998 2481 enucleari
1012 2409 1133 2471 prorsus
1149 2409 1208 2451 non

166 2489 291 2572 possint.
336 2484 423 2550 Unde
444 2490 570 2565 factum,
601 2498 632 2551 nt
655 2489 828 2571 saepissime
852 2488 909 2553 hoe
931 2489 962 2551 in
984 2489 1059 2553 lilrro
1083 2489 1208 2572 legendo

166 2587 390 2672 Bourguetium,
414 2587 563 2665 Lamiam,
586 2587 758 2652 Passerium
780 2590 888 2671 potius,
910 2611 1000 2673 quam
1022 2600 1142 2654 nostrae
1158 2610 1208 2654 ae·

167 2690 236 2754 tatis
251 2689 347 2752 virum
363 2689 480 2751 doctum
496 2688 597 2752 andire
611 2688 664 2753 tibi
680 2689 820 2752 videaris.
846 2689 894 2752 Eo
909 2690 1004 2772 magis
1020 2701 1115 2752 autem
1133 2690 1208 2752 hanc

166 2813 263 2855 meam
278 2788 454 2852 sententiam
469 2787 516 2851 hic
535 2790 741 2872 proferendam
761 2790 844 2868 duxi,
869 2813 925 2875 quo
947 2790 1062 2854 facilius
1084 2788 1213 2852 eruditio
1299 2803 1300 2808 ’

167 2893 230 2956 eius
246 2891 322 2955 haud
339 2888 468 2974 vulgaris
484 2901 514 2953 et
529 2910 651 2955 acumen
670 2893 818 2958 interdum
832 2892 916 2970 felix,
940 2892 1058 2976 saepius
1072 2889 1205 2969 nimium,
1294 2899 1298 2913 ⁴

167 2996 329 3061 obcaecare
344 2993 472 3074 lectores
487 2979 583 3055 minus
600 3004 701 3056 cautos
716 3004 824 3077 potest.

252 3089 397 3178 Equidem
417 3092 587 3176 interpretis
609 3115 730 3158 munere
752 3095 835 3158 iniis
851 3114 925 3178 quae
941 3094 1035 3158 adhuc
1049 3085 1085 3157 de
1100 3092 1208 3184 tabulis

167 3199 224 3263 iliis
245 3197 367 3281 scripsi,
392 3195 525 3259 consulto
549 3196 677 3259 nondum
700 3217 764 3259 sum
780 3197 907 3259 functus.
942 3193 1069 3259 Frustra
1084 3194 1161 3258 enim
1175 3194 1207 3258 in

168 3299 291 3385 singulis
313 3317 404 3380 opera
426 3289 553 3379 ponitur,
577 3295 633 3359 nisi
657 3297 786 3360 omnium
808 3298 939 3362 locorum
954 3317 1103 3361 consensu
1117 3306 1207 3359 etto-

167 3403 226 3466 tius
248 3397 459 3483 disquisitionis
481 3417 563 3461 nexu
584 3398 703 3482 probari
726 3398 833 3480 aliquid
857 3409 887 3461 et
908 3397 1075 3462 confirmari
1100 3396 1204 3480 possit.

168 3502 357 3586 Quapropter
377 3486 455 3583 ego,‘
474 3498 522 3563 oui
543 3519 596 3583 per
617 3500 671 3564 hos
694 3499 846 3583 proximos
870 3520 964 3563 annos
986 3519 1088 3584 parum
1103 3497 1154 3560 otii
1170 3498 1208 3559 ad

168 3659 375 3673 mun—u—

133 3771 158 3813 ἰ
202 3741 207 3750 ’
238 3761 263 3824 4)
282 3758 402 3822 Bcitrtige
420 3775 468 3808 zur
486 3716 606 3821 Doutung
624 3756 671 3807 der
682 3754 891 3820 Eusebinisohcn
903 3753 1008 3805 Tainia
1028 3752 1108 3804 Boon.
1128 3751 1204 3804 1333.
1291 3829 1293 3833 Ι

236 3844 265 3908 2)
284 3843 452 3897 Rhcinisohes
470 3841 586 3895 Muscam
604 3841 649 3895 fu‘r
666 3841 818 3907 Philoloqio.
840 3841 916 3895 1834.

236 3929 264 3996 3)
282 3930 437 3982 Redimenta
454 3928 559 3992 linguae
576 3926 713 3980 Umbricoe
730 3943 764 3979 ex
782 3924 994 3993 inscriptionibus
1013 3920 1126 4030 antiquit
1145 3937 1206 3974 ono-

170 4019 242 4070 data.
256 4016 456 4070 'admovente
460 4014 625 4092 idid-dd
