2760 4754
488 341 885 402 necamur-ermu-
1159 319 1219 408 lt»

166 492 236 555 loco
257 489 416 574 conspicuo
437 488 638 575 inscriptionis
656 501 830 575 posuerunt.
873 486 1000 555 Praeter
1013 489 1090 556 hano
1103 510 1208 556 vocem

168 593 248 656 nulla
269 592 328 656 alia
348 592 380 656 in
399 603 462 656 tota
482 591 673 677 inscriptione
688 593 845 676 reperitur,
869 613 945 676 quae
960 592 1076 656 aliunde
1090 592 1150 658 iam
1163 593 1209 656 in·

167 694 307 759 notuerit.
351 693 437 758 Nihil
457 694 577 758 omnino
599 695 655 759 hoc
675 694 706 758 in
724 694 809 758 titulo
825 690 937 757 Oscam
951 693 1082 777 linguam
1096 696 1208 774 reiert3

166 797 226 860 imo
250 796 364 860 litterae
387 807 418 859 et
430 796 594 861 litterarum
609 796 838 882 compositiones
854 795 1049 874 exhibentur,
1074 818 1150 881 quae
1172 795 1209 860 ab

167 893 251 963 Osca
271 897 372 981 lingua
392 919 514 982 prorsus
537 898 652 962 alienae
673 909 760 978 sunt3
785 900 860 963 clune
880 896 1100 982 distinguuntur
1120 917 1211 963 voca·

165 999 211 1064 les
234 1022 263 1078 e,
287 1010 322 1088 et
340 999 414 1064 duae
433 1021 464 1078 o,
487 1010 521 1064 nt
541 1000 572 1064 in
594 1021 704 1084 graeca
717 1000 818 1084 lingua
832 1020 872 1064 ex
887 1021 944 1083 qua
959 999 1048 1062 otiam
1062 1022 1083 1084 y
1098 999 1213 1084 accepit

167 1101 318 1178 falsarium,
343 1102 477 1184 quamvis
492 1123 565 1166 osca
579 1123 668 1166 unam
682 1112 795 1166 tantum
810 1122 839 1179 e,
860 1122 949 1165 unam
964 1122 983 1165 o
998 1099 1121 1180 habeat,
1146 1101 1211 1164 nula

165 1202 225 1267 lam
239 1226 261 1288 p
274 1203 413 1267 litteram.
451 1203 690 1268 Terminationes
713 1202 871 1268 verborum
888 1204 951 1267 iere
966 1223 1069 1266 omnes
1084 1223 1211 1286 graecae
1269 1242 1275 1253 -

167 1315 249 1385 sunt,
272 1316 305 1376 nt
318 1306 384 1389 ipsa
397 1304 574 1385 Ιίὶὶηὶιῑηνὶ,
585 1306 640 1372 fta
654 1314 690 1370 'nt-
702 1305 1038 1396 &ratcamssptitirssposse
1052 1304 1211 1389 suspiceris

168 1407 341 1485 dialectum,
366 1428 452 1490 quam
468 1428 587 1486 oscam,
610 1406 669 1472 nisa
659 1407 799 1471 radices
813 1405 1008 1522 impedirent,
1035 1426 1110 1488 quae
1125 1425 1212 1489 grae·

168 1527 227 1593 cae
241 1519 326 1573 certe
348 1521 513 1594 nonerunt
547 1505 619 1581 Gur
632 1521 739 1574 anum
759 1508 888 1584 omnino
901 1528 962 1585 non
975 1507 1071 1596 possit
1079 1506 1209 1610 elprittp,

168 1605 413 1674 Mamertinorum
442 1584 567 1675 turbam
585 1603 799 1675 mercenariam
822 1631 863 1674 ex
884 1630 994 1693 graeca
1016 1606 1089 1674 urbe
1111 1630 1213 1675 oscam

169 1711 277 1775 fecisse
292 1708 473 1776 Meteonem
479 1706 617 1790 Sieiliae‚
638 1713 759 1796 eiusque
773 1709 996 1796 permutationis
1009 1710 1212 1775 tontimonium

169 1812 245 1878 hono
267 1812 383 1876 unicam
406 1813 627 1899 inscriptionem
648 1835 690 1878 ex
704 1835 741 1878 eo
756 1825 892 1898 tempore
902 1812 940 1876 at
954 1833 1010 1878 nos
1025 1813 1209 1914 pervenisse,

169 1913 199 1977 id
211 1913 343 1998 pluribus
358 1914 561 1979 remensum
576 1915 768 1998 nupersetleo
