2760 4754
468 338 648 394 uunuonu'rt
670 310 911 393 cousrncrus(
966 336 968 340 “
1068 348 1079 365 ·’
1138 329 1206 395 tao

165 498 224 562 mis
247 498 303 561 hoo
324 497 413 560 statui
427 507 535 580 potest,
558 489 663 580 quippe
678 516 753 579 quae
767 496 826 560 iam
841 516 871 560 a.
888 494 953 560 312
969 506 1037 560 aute
1053 492 1205 560 Christum

169 600 285 664 colonia
306 598 445 662 Romana
464 588 545 663 lacta
564 597 615 663 sit.
664 595 810 663 Leviorcs
832 598 943 662 nummi
963 608 997 661 ut
1017 598 1203 676 cuderentur,

170 702 219 765 hic
240 721 353 784 quoque
375 722 393 763 a
407 698 551 764 Romanis
573 700 689 764 videtur
701 699 865 763 institutum
878 698 955 762 bello
969 696 1083 761 Punico
1098 698 1205 780 primo,

170 804 239 874 licet
259 814 346 867 vetus
368 803 539 884 quincuncis
561 800 666 864 divisio
680 800 768 866 simul
781 801 984 885 permanserit.
1016 797 1208 864 Contralla-

171 905 270 982 (iriae,
299 924 374 987 quae
396 925 425 966 a.
449 902 512 971 293
535 903 652 966 colonia
672 903 751 966 facta
772 903 905 981 est,-ius
928 924 1062 967 nummos
1084 905 1208 968 cudendi

171 1015 304 1091 ereptum
325 1006 445 1069 videtur·
463 1005 573 1082 fuisse,
612 1026 699 1087 quum
721 1004 814 1067 levius
838 1026 1020 1068 nummorum
1041 1008 1105 1072 eius
1127 1009 1208 1072 rubis
1286 1027 1288 1029 ’

151 1109 285 1193 ,pondus
308 1130 368 1172 non
390 1107 431 1170 sit·
448 1117 608 1190 repertum.
645 1104 715 1169 Nec
729 1105 760 1168 in
775 1101 908 1170 Vestinis
923 1108 1048 1171 nummis
1063 1110 1092 1172 id
1108 1111 1209 1174 ohser-

172 1210 319 1274 vavimus.
339 1266 343 1270 .
364 1206 515 1293 Typorum
539 1208 702 1272 distributio
724 1204 1054 1290 Trnnmpenninnrnm,
1084 1222 1210 1296 excepto

172 1311 322 1388 Arimino,
346 1312 448 1374 eadem
470 1332 591 1393 prorsus
614 1320 660 1373 est
681 1329 756 1390 quae
777 1306 1016 1373 Tudertinorum.

183 1465 187 1472 .
258 1413 293 1495 4)
316 1409 499 1495 Singulares
520 1433 608 1496 porro
639 1411 749 1476 nummi
779 1422 848 1473 sunt
876 1413 1010 1494 campani
1040 1409 1207 1497 capuae,

109 1570 111 1580 ,
174 1513 343 1592 Atellae,
369 1511 560 1578 Calatiae.
591 1511 846 1592 Incredibilem,
870 1516 1211 1597 eosnummosquiter-
1257 1528 1261 1535 '
1311 1520 1312 1523 ’

174 1637 227 1680 rae
248 1615 325 1678 illius
347 1616 514 1698 gravissimi
536 1625 622 1692 sunt,
658 1615 706 1697 qui
728 1614 783 1677 soli
806 1636 846 1678 ex
868 1615 982 1678 urbium
1004 1637 1212 1701 campanarum

176 1729 397 1800 ceterarumque
419 1718 455 1780 ad
478 1728 609 1788 austrum
626 1715 819 1800 spectantium
834 1716 959 1780 nummis
974 1717 1107 1800 globulos
1123 1719 1212 1782 etiam

175 1821 205 1883 in
221 1820 380 1883 maioribus
396 1819 472 1882 assis
488 1819 628 1901 partibus,
647 1815 801 1880 utAtellae
813 1817 843 1879 iu
859 1817 978 1894 triente,
996 1819 1116 1896 habent,
1134 1841 1214 1882 com-

177 1943 351 2006 munemque
365 1933 465 2006 typum
480 1919 560 1985 lovis
574 1930 660 2004 caput
673 1929 852 1996 monstrant,
867 1918 898 1980 in
913 1918 1038 1986 diversis
1054 1921 1130 1984 assis
1147 1943 1213 2004 par-

177 2023 253 2088 tibus
275 2023 442 2108 repetitum,
465 2032 578 2085 mutata
599 2031 711 2084 tantum
727 2020 819 2083 altera
833 2031 928 2105 parte,
954 2010 1005 2083 eos
1026 2021 1116 2105 igitur
1130 2044 1215 2085 num·

178 2147 240 2189 mos
256 2136 323 2209 post
337 2146 447 2188 aunum
461 2122 522 2187 211
541 2134 608 2187 ante
621 2119 696 2187 Chr.
721 2144 808 2185 cusos
829 2142 907 2199 esse,
933 2144 989 2204 quo
1005 2124 1120 2206 quidem
1136 2145 1213 2188 anuo
1276 2197 1282 2203 ,

179 2240 239 2292 tres
261 2227 328 2290 illae
352 2227 439 2290 urbes
462 2223 648 2292 aRomanis
669 2245 722 2308 per
743 2224 802 2287 vim
823 2234 936 2308 captae,
962 2245 1067 2288 severe
1082 2224 1212 2311 punitae,

179 2329 283 2415 partim
305 2328 395 2392 ctiam
422 2329 534 2393 dirutae
562 2337 641 2392 sunt.
689 2323 803 2391 Contra
829 2347 889 2389 non
918 2327 1041 2411 possunt
1063 2347 1130 2390 esse
1152 2329 1216 2391 cusi

180 2444 335 2515 autequam
359 2441 438 2494 terra
452 2452 478 2495 ,a
500 2426 681 2493 Samnitibus
704 2439 897 2511 occuparetur
920 2450 948 2491 a.
973 2426 1048 2492 423.
1088 2423 1148 2493 Sed
1171 2430 1215 2492 vi-

180 2535 286 2598 dentur
300 2543 419 2616 propter
438 2532 639 2596 reductionem
661 2529 817 2613 ponderis,
852 2551 926 2611 quae
948 2528 1129 2594 Tudertinus
1152 2532 1215 2594 lere

182 2634 285 2698 similis
308 2644 372 2711 est,
396 2644 463 2717 post
477 2654 585 2696 annum
607 2628 688 2707 330,
714 2652 800 2712 quum
824 2628 973 2713 Campani¹
989 2642 1020 2694 et
1042 2619 1219 2697 Samnitium

181 2758 250 2821 pars
273 2735 422 2799 civitatem
443 2732 610 2796 Romanam
632 2732 826 2816 accepissent,
850 2733 899 2822 ‘uel
921 2734 1048 2795 sortasse
1071 2734 1145 2795 adeo
1168 2733 1217 2796 de·

182 2860 261 2902 mum
282 2847 349 2921 post
369 2835 492 2919 primum
514 2833 619 2898 bellum
641 2831 784 2897 Punicum
807 2834 871 2897 cusi
892 2855 970 2911 esse,
996 2834 1038 2898 ita
1054 2833 1218 2905 utdimidio

182 2939 338 3024 posteriori
360 2935 471 3002 saeculi
492 2947 561 3000 ante
584 2933 735 3002 Christum
757 2936 836 2998 tertii
858 2937 1029 3020 assignandi
1044 2936 1113 2999 sint.

187 3086 193 3094 -
267 3039 301 3124 5)
324 3037 449 3113 Nummi
470 3039 709 3104 coloniarum
730 3059 987 3102 romanorum.

198 3148 204 3156 '
268 3142 309 3205 A.
334 3138 482 3205 Suessa
502 3139 710 3217 Aurunca,
728 3136 862 3216 Cales,
886 3136 1055 3202 Teanum
1078 3135 1221 3203 Sidici-

184 3267 277 3310 num.
317 3242 383 3307 Eae
405 3253 467 3305 tres
489 3241 577 3303 urbes
601 3238 782 3331 Campaniae
805 3241 1044 3323 septentrionalis
1067 3228 1221 3305 commuue

185 3345 295 3409 habent
316 3355 458 3429 systema,
483 3342 560 3425 quod
580 3341 611 3405 in
633 3342 690 3406 hoc
712 3341 803 3405 habes
826 3354 1000 3426 conspectu:

270 3450 302 3528 a)
323 3442 396 3508 AR.
506 3439 511 3446 ‘
641 3441 746 3525 b)AE.
1005 3441 1108 3524 c)AE.

243 3547 274 3610 1.
298 3567 427 3612 svnsnuo
598 3536 630 3607 1.
654 3565 782 3609 svnsuno
969 3542 999 3605 1.
1023 3562 1152 3608 svusnuo

202 3671 292 3734 eques
312 3649 344 3735 )(
362 3647 470 3732 Apollo
556 3659 660 3729 taurus
674 3645 704 3732 )(
719 3643 827 3732 Apollo
913 3643 1007 3728 gallus
1026 3647 1057 3728 )(
1071 3640 1211 3707 Minerva

250 3749 283 3814 2.
308 3770 418 3813 canuno
453 3750 455 3755 ’
608 3747 641 3812 2.
667 3769 778 3811 emano
940 3817 954 3833 Κ.
982 3747 1015 3812 2.
1040 3763 1151 3810 canuno

202 3851 271 3936 biga
283 3853 314 3936 )(
328 3848 467 3916 Minerva
560 3860 662 3915 taurus
676 3852 707 3934 )(
720 3847 828 3935 Apollo
919 3847 1014 3931 gallus
1028 3850 1059 3931 )(
1073 3843 1213 3934 Μ11111111

214 3960 271 4024 ν2.
294 3954 433 4027 'l'ianud
601 3957 634 4022 3.
648 3940 798 4025 ’1111111111
852 4039 856 4057 Ι
999 3956 1031 4021 3.
1055 3977 1142 4022 111111

204 4071 281 4156 triga
295 4071 326 4157 )(
339 4069 484 4140 Hercules
534 4143 536 4147 Α
571 4079 673 4139 toruus
686 4071 718 4152 )<
731 4066 839 4155 Apollo
876 4114 877 4123 1
923 4069 1018 4153 gallus
1032 4071 1061 4152 l(
1075 4063 1223 4156 Minerva⁴
