2760 4754
163 309 233 379 tol
558 321 662 385 nuum
683 323 807 367 canani.

1106 498 1112 509 ·
1154 500 1196 533 ·c·:

469 539 511 609 11
553 553 586 609 a
627 539 650 610 t
690 532 711 609 ί
753 552 789 607 ιι
831 553 897 608 ιιι.
983 612 988 619 ,
1200 498 1207 533 ’

248 681 326 747 'l’am
339 682 371 745 in
382 676 473 744 Latio
488 698 574 761 quam
588 677 621 741 in
633 672 757 742 Samnio
771 688 803 740 et
815 675 847 739 in
861 671 1026 760 Campania
1039 675 1128 760 lenge
1142 678 1210 741 mai

165 787 247 850 xima
261 802 446 847 nummorum
459 800 540 863 para,
557 778 607 862 qni
620 779 829 862 inscriptiones
843 777 963 856 babent,
986 777 1208 843 admolnmna

165 909 236 952 cens
250 895 308 949 est.
331 882 366 948 Id
380 894 411 947 et
425 881 556 968 extypis
572 891 603 945 et
616 880 684 944 inde
697 881 849 965 probatur,
866 881 944 962 qnod
957 880 990 944 in
1003 880 1209 966 plurimisiaa·

165 989 253 1051 licum
274 1006 327 1070 per
348 985 481 1068 globulos
507 982 680 1046 numerandi
700 993 831 1068 systema
852 982 912 1045 iam
933 1003 994 1046 non
1014 982 1206 1048 absarrum

166 1085 254 1170 Quod
276 1087 326 1150 nbi
347 1097 394 1150 est
413 1096 555 1172 systema,
580 1106 614 1148 as
628 1084 688 1148 iam
702 1084 789 1149 valde
803 1083 941 1167 reductus
956 1083 1209 1170 conspicitnr,·-·oe

165 1210 253 1255 rarae
275 1199 432 1272 praeterea
450 1197 520 1251 sunt
539 1186 667 1250 maiores
690 1184 766 1248 assis
788 1196 899 1270 partes.
929 1183 966 1251 ln
979 1181 1208 1253 tabirlaffl

86 1368 88 1373 A
165 1289 388 1376 repraesentavi
399 1309 441 1361 em
452 1288 490 1352 iis
500 1308 615 1370 quoqne
629 1287 756 1351 nummis
770 1287 947 1373 complures,
963 1308 1086 1369 quornm
1100 1286 1209 1353 inseri·

165 1393 280 1477 paones
302 1390 334 1454 in
355 1413 394 1454 -o
413 1390 620 1468 terminantur,
643 1385 748 1473 partim
768 1389 845 1472 quod
860 1410 914 1453 eae
928 1389 1017 1453 nrbes
1030 1388 1127 1470 ¹tunila
1141 1410 1209 1455 nno

166 1494 269 1558 obtutu
284 1493 412 1576 spectari
432 1503 566 1576 possunt,
590 1511 714 1573 quarum
727 1491 886 1554 nonnullae
901 1491 1016 1554 suntin
1030 1487 1207 1576 Campaniaq

166 1595 272 1679 partim
293 1594 538 1677 palaeograpbiae
558 1613 668 1671 causa,
701 1613 776 1675 quae
796 1592 829 1655 in
848 1593 972 1677 singulis
996 1593 1209 1674 quibusdam

166 1694 306 1760 Romana
323 1696 446 1759 recedit.
467 1680 680 1759 ¹Nihilominus
701 1715 804 1758 omnes
819 1695 873 1758 bas
888 1695 1097 1778 inscriptiones
1116 1695 1150 1759 in
1170 1716 1209 1761 -c

168 1819 255 1862 cusas
275 1817 343 1861 esse
364 1818 472 1861 censeo
496 1818 532 1861 co
552 1808 697 1879 tempore,
721 1797 852 1879 quoiam
865 1794 1071 1861 Romanorum
1083 1816 1210 1880 praere

130 1929 133 1935 ·
167 1901 246 1964 lebat
260 1899 433 1964 auctoritas.
465 1898 599 1964 Clcbnlis
615 1899 651 1962 ad
667 1920 756 1962 nnnm
771 1919 874 1962 omnes
889 1909 1007 1977 carente
1030 1899 1097 1981 ipsa
1111 1910 1209 1965 antem
1255 1899 1260 1911 “

167 2003 335 2067 terminatio
354 2003 513 2085 respondet
526 2000 731 2065 Romanorum
753 1999 903 2064 clansirlae
924 2020 992 2062 nm.
1036 1999 1086 2064 lla
1107 2001 1211 2085 prn'enl

168 2105 255 2168 dubio
271 2103 409 2187 apopulo
423 2100 540 2179 Romae
555 2124 573 2164 o
588 2102 843 2185 pronuntiabatur,
867 2111 897 2164 et
910 2101 1078 2185 prinsquam
1092 2103 1210 2169 litterae

168 2216 200 2270 et
212 2205 313 2289 lingua
327 2223 453 2288 graecam
467 2203 562 2286 magis
577 2203 731 2285 magisque
746 2204 822 2285 apud
835 2200 990 2267 Romanos
1004 2203 1211 2286 innotnemntq

170 2319 202 2372 et
214 2330 244 2371 m
259 2317 318 2372 ets
332 2306 436 2369 inline
450 2305 793 2387 verborum-frequenter
805 2305 855 2368 vel
867 2305 900 2368 in
915 2304 1033 2388 scriptis
1055 2306 1143 2371 abiici
1162 2328 1215 2372 sa·

168 2409 280 2473 lebant.
303 2404 338 2470 lt
353 2402 524 2488 Scipionum
538 2406 865 2489 monstrant-seprflcra,
883 2407 933 2470 ubi
947 2403 1141 2488 Samniolml,
1156 2405 1213 2475 Ci-

169 2516 329 2588 sauna[m],
352 2507 411 2571 alia
425 2508 579 2590 leguntur3
603 2528 692 2590 porro
706 2505 798 2570 Ennii
812 2529 930 2586 versus,
955 2506 1125 2587 Ciceronis,
1148 2507 1214 2579 Gna

168 2611 323 2676 micorum
357 2607 435 2673 Ruri
455 2609 488 2672 in
507 2606 598 2673 Latio
620 2620 652 2672 et
669 2609 702 2673 in
724 2608 847 2674 coloniis
861 2607 1007 2674 Romanis
1021 2632 1085 2677 nun
1098 2612 1214 2677 catth-

165 2712 258 2792 binm,
276 2711 346 2796 quin
360 2732 398 2775 ea
411 2711 610 2795 pronuntiatio
625 2713 714 2794 vulgo
727 2722 848 2795 recepta
863 2711 962 2775 luerit.
987 2709 1137 2777 Credibile
1149 2725 1213 2795 est,
1250 2734 1255 2740 ’

169 2815 299 2899 linguam
319 2813 513 2877 rusticamin
532 2813 631 2877 multis
654 2813 745 2876 rebus
768 2813 903 2896 proxime
927 2813 965 2877 ad
987 2834 1089 2878 oscam
1109 2834 1215 2883 accus

170 2916 258 2994 sisse,
281 2916 324 2978 ita
338 2925 370 2977 nt
384 2915 478 2977 altera
493 2915 605 2978 sensim
618 2914 650 2976 in
664 2914 786 2977 altanus
800 2916 873 2978 fines
888 2914 1053 2980 invaderet.
1141 2950 1144 2955 ·
1160 2954 1174 2977 ι·
1187 2944 1207 2971 -··

253 3014 415 3081 Assentior
421 3012 552 3093 lesuitis,
562 3035 698 3079 nummos
714 3037 779 3078 curn
793 3015 1034 3099 inscriptionibus
1047 3015 1217 3085 Remeat

168 3117 341 3183 Romano
357 3136 416 3178 uon
430 3114 572 3180 Romae
587 3136 655 3181 esse
669 3116 876 3194 indicantibus,
899 3119 953 3181 sed
968 3119 1217 3187 sociommscim'

169 3217 298 3282 Romam
317 3216 524 3280 habitantium.
557 3217 641 3282 Nam
661 3219 800 3283 simillimi
820 3230 890 3283 sunt
904 3231 1070 3284 ceterarum
1083 3219 1213 3303 usbinnrq

170 3321 258 3386 etiam
275 3316 468 3401 Campaniae,
485 3320 624 3398 nummis,
641 3320 705 3383 sive
720 3330 805 3404 typos
820 3321 944 3404 respicis
959 3322 1025 3387 sive
1039 3321 1231 3407 palaeogra-

169 3422 286 3508 pbiam;
323 3431 428 3485 contra
456 3443 475 3485 a
501 3420 640 3487 Romano
666 3432 827 3506 systemate
848 3423 965 3507 proprie
991 3423 1071 3489 dicto
1092 3423 1215 3499 nimium
1262 3453 1270 3467 ·

169 3535 309 3609 quantum
324 3522 445 3589 distant.
664 3586 669 3599 .
728 3590 731 3597 ,
765 3538 768 3543 ·
831 3578 834 3583 .
1139 3590 1143 3597 ,
1180 3564 1223 3604 Μ

252 3625 381 3691 Reddidi
400 3623 465 3689 No.
484 3627 500 3690 1
518 3626 584 3691 et2
603 3647 751 3689 nummum
771 3624 889 3690 Roma
915 3637 947 3695 et
971 3626 1147 3697 Romano.
1165 3625 1215 3705 ia:

169 3729 321 3813 scriptum,
344 3727 376 3790 in
398 3747 455 3809 qno
478 3738 508 3790 et
530 3728 654 3790 formam
669 3748 688 3789 a
702 3727 817 3791 litterae
833 3738 862 3790 et
876 3748 999 3810 parvum
1022 3726 1216 3811 odiligenter

168 3840 299 3894 notatum
322 3829 401 3893 volo.
432 3824 595 3911 Utrumque
613 3828 643 3891 in
660 3829 770 3912 aliquot
782 3829 859 3893 redit
873 3829 1011 3908 nummis,
1037 3850 1111 3913 qnos
1131 3827 1214 3893 inira

168 3930 298 3995 exhibui.
1134 3984 1137 3989 -

253 4029 444 4114 Aquinum
464 4030 543 4114 (No.
560 4027 592 4094 3.
610 4027 671 4113 b).
702 4029 888 4116 Frequentes
910 4032 976 4099 utra
996 4033 1214 4108 sunt-,nummi
