2760 4754
183 184 249 251 ist
527 203 727 248 inamoenum
747 205 863 250 ιιιιιιιι.

181 354 337 430 Viteliud
348 359 385 439 ¹),
410 357 624 444 supposititium
646 379 725 424 esse.
761 359 887 424 Militem
909 360 1041 443 equidem
1056 382 1122 426 eom
1137 345 1226 427 Eoi-⁴

106 482 109 490 “
182 474 258 539 helio
280 468 410 535 Martem
434 489 502 532 esse
523 488 650 542 censeo,
688 469 773 531 deum
795 468 963 553 primarium
987 464 1166 534 Sabinorum
1189 482 1222 535 et

181 572 376 651 Samnitium,
400 571 459 635 iam
481 569 642 634 Eokhelius
663 568 819 635 Strabonis
829 574 857 655 ²)
877 571 1008 635 laudavit
1026 572 1135 650 loeum,
1159 590 1221 656 qno

179 689 333 754 narratur,
364 670 525 737 Martem
548 669 676 736 Sabinos
692 674 765 737 duee
784 685 900 737 tauro
919 672 951 736 in
966 684 1076 737 terram
1091 670 1219 758 Opieam

179 781 307 856 misisse,
331 776 381 840 ubi
400 785 431 837 ut
454 775 650 838 considerent.
678 773 751 839 lnde
765 777 893 839 fortasse
908 776 995 838 etiam
1011 777 1081 840 urbs
1098 773 1219 844 Samni-

178 884 250 948 tium
264 875 479 944 Bovianum
494 896 602 940 nomen
618 876 712 956 duxit,
735 878 766 940 in
782 878 961 960 eaque-urhe
976 878 1117 942 eoniioias
1132 900 1219 942 num·
1297 892 1299 896 ‘

178 1005 242 1050 mos
258 1002 345 1046 eusos
362 979 452 1042 fuisse
467 979 600 1042 bovem
615 978 832 1044 recumbentem
846 981 930 1044 iuxta
944 977 1110 1044 Martem
1131 995 1218 1045 mon·-¹

178 1096 318 1152 strantes.
352 1079 388 1145 In
402 1081 467 1165 ipso
481 1077 617 1144 Boviano
633 1100 733 1145 oseam
746 1081 940 1147 litteraturam
955 1082 1093 1146 usitatam
1108 1082 1214 1161 inisse,

137 1178 140 1183 ⁹
177 1189 265 1254 etiam
286 1184 387 1250 titulus
410 1183 591 1246 demonstrat
606 1203 694 1246 oseos
708 1180 772 1247 No.
792 1180 856 1261 13,
880 1204 970 1268 prope
985 1181 1153 1250 Bovianum
1167 1180 1217 1251 re3

175 1301 290 1377 pertus
319 1283 434 1352 Contra
447 1285 513 1348 veri
527 1289 573 1348 e'st
588 1284 693 1362 simile,
718 1305 852 1349 nummos
868 1308 935 1350 eum
950 1287 1109 1371 epigraphe
1121 1286 1236 1353 latina
1258 1310 1261 1316 ·

175 1392 291 1458 ltalia
312 1385 438 1452 Corfinii
464 1407 552 1450 ousos
575 1406 642 1449 esse
661 1385 693 1449 in
714 1381 864 1470 Pelignis,
895 1387 945 1451 ubi
966 1388 1058 1452 latine
1076 1389 1216 1455 vitentur

175 1492 339 1578 scripsisse.
373 1487 456 1553 Nam
469 1488 538 1551 lieet
557 1487 654 1551 minus
669 1488 786 1571 cognita
801 1489 840 1552 sit
854 1490 921 1553 belli
943 1489 1061 1555 socialis
1075 1491 1212 1570 bistonio,

175 1607 331 1682 propterea
352 1592 429 1675 qood
449 1589 569 1653 Livium
584 1612 644 1653 non
659 1591 798 1654 habemus
813 1591 971 1675 integrum,
995 1603 1095 1658 tamen
1115 1595 1214 1659 soeid·

174 1723 238 1765 rum
253 1698 326 1761 duas
341 1694 475 1759 videmur
488 1705 588 1776 partes
602 1693 730 1756 maiores
745 1704 826 1757 reete
841 1693 1033 1778 distinguere,
1057 1703 1146 1758 unam
1161 1717 1213 1780 po·
1278 1744 1281 1748 -

172 1802 306 1889 polorum
328 1795 558 1882 septentrionem
578 1815 684 1859 versus
700 1794 904 1874 habitantium,
928 1818 1048 1878 quornm
1064 1798 1212 1884 prinoipes
1242 1810 1244 1815 ’

125 1984 127 1988 ³
172 1915 259 1971 erant
273 1898 405 1976 Marsi,
429 1897 551 1962 alteram
566 1897 724 1962 australem
739 1898 859 1962 ducibus
876 1895 1128 1964 Samnitibus.
1153 1896 1212 1965 So*

171 2007 210 2071 eii
230 2026 267 2070 ea
288 2003 324 2065 de
346 2019 437 2062 eausa
458 2000 532 2064 duos
555 2002 689 2063 fecerunt
709 2001 846 2064 consides
867 2002 934 2079 rel,
964 2013 997 2064 dt
1016 2002 1073 2085 ipsi
1094 2002 1211 2086 quidem

172 2104 322 2173 Saninites
337 2095 575 2188 nominalium),
592 2103 860 2186 imperatores.
878 2098 919 2184 Q.
935 2100 1117 2187 Popaedium
1131 2100 1212 2171 Sita·

170 2225 251 2285 nam,
274 2194 461 2280 Marsum,
485 2214 516 2266 et
536 2201 643 2267 Gaium
664 2201 788 2288 Papium
807 2202 960 2285 Mutilum,
985 2201 1209 2274 Samnitem.

124 2326 129 2335 ’
169 2305 287 2372 Terras
305 2313 402 2368 autem
423 2305 551 2368 sociatas
572 2306 709 2369 bilariam
723 2306 895 2382 diviserunt,
917 2308 960 2372 ita
974 2318 1007 2372 ut
1020 2330 1089 2394 pars
1103 2309 1211 2377 dorea-

169 2412 206 2476 lis
221 2406 334 2473 Marsis
355 2408 484 2486 eederet,
508 2407 646 2472 australis
668 2429 761 2492 eaque
780 2409 872 2473 multo
895 2411 991 2474 maior
1013 2407 1208 2479 Samnitibus.

168 2511 248 2580 cum
269 2511 326 2575 hoe
349 2510 503 2589 convenit,
535 2511 612 2593 qnod
633 2507 762 2575 Romani
784 2512 857 2576 duos
879 2512 1023 2577 miserunt
1043 2515 1207 2596 exereitum

168 2637 258 2682 unum
280 2613 334 2679 sub
349 2608 386 2675 P.
403 2611 516 2677 Rutilio
530 2611 629 2698 Lupo,
653 2624 758 2678 eontra
778 2610 940 2690 Marsos,
964 2615 1088 2681 alterum
1101 2615 1144 2683 li.
1158 2616 1209 2699 1¹4⁸

168 2721 209 2784 lio
232 2715 365 2783 Caesare
388 2715 461 2778 duee
483 2727 587 2779 eontra
611 2711 819 2779 Samnites.
862 2712 993 2781 Omnino
1013 2718 1122 2785 bellum
1139 2740 1208 2797 eon

168 2821 214 2885 his
236 2828 352 2901 gestum
373 2817 461 2898 longe
482 2817 599 2879 videtur
620 2816 741 2899 gravius
762 2817 871 2895 iuuisse,
906 2820 1040 2901 quamvis
1060 2821 1208 2893 interdum

166 2933 262 2988 totum
281 2917 388 2982 bellum
409 2928 529 3000 propter
549 2916 687 2981 viciniam
708 2927 738 2981 et
756 2917 879 3000 primam
902 2921 1046 3005 originem
1068 2917 1208 2993 Marsi-

167 3047 248 3090 enm
277 3019 449 3104 appelletur.
494 3015 586 3085 Certe
609 3019 716 3084 diutim
738 3031 785 3084 est
809 3031 933 3087 tractum
964 3035 995 3088 et
1012 3025 1205 3109 pertinacius.

166 3125 364 3191 Nummorum
387 3130 484 3184 autem
498 3121 525 3185 si
539 3142 599 3186 non
622 3142 741 3198 omnes,
764 3134 796 3186 at
814 3124 928 3206 plunimi
949 3138 1030 3192 oerte
1044 3129 1101 3193 huo
1115 3132 1208 3215 perti-
1291 3182 1295 3190 .

106 3292 112 3302 ,
166 3238 249 3292 nent.
293 3222 382 3307 Apud
403 3219 602 3308 diodorum)
633 3244 686 3309 pro
716 3221 754 3290 C.
783 3222 876 3311 Papio
897 3224 1007 3293 Mutilo
1028 3230 1207 3319 inperatore
1284 3278 1288 3284 ·

164 3403 374 3415 aar—⁶*—

235 3525 261 3591 l)
280 3521 388 3575 llckhel.
409 3519 430 3574 l.
450 3536 475 3589 p.
497 3521 555 3575 103.
576 3520 643 3599 105..

233 3609 261 3675 2)
280 3608 351 3659 Libr.
370 3604 404 3658 V.
1186 3620 1190 3625 ·

234 3694 261 3758 3)
280 3693 336 3743 Liv.
357 3691 428 3757 Vlll,
450 3692 492 3746 st.
513 3692 561 3757 tx,
583 3692 606 3745 1.
628 3694 653 3744 3.
673 3700 701 3743 et
720 3694 823 3762 saepius
841 3692 877 3758 X,
896 3695 938 3749 29.
958 3695 1203 3764 at.ttpit.1it.xt.

165 3782 241 3832 Oros.
261 3777 294 3844 V,
315 3778 374 3831 toz
399 3777 558 3843 „Postquam
577 3777 626 3830 sibi
645 3778 774 3832 Samnites
793 3780 898 3849 Papium
916 3780 1045 3836 Mutilium
1063 3782 1204 3855 impere-

165 3875 275 3916 torem
293 3863 508 3929 praefecerant.“

233 3949 261 4012 1)
279 3946 402 4015 Excerpt.
421 3946 560 4014 XXXVll,
581 3950 604 4003 1.
699 4005 702 4009 ,
812 3950 815 3955 ’
