2760 4754
633 276 755 332 aurun.
1150 270 1214 336 lbi
1320 354 1322 358 y

141 475 144 481 f
175 437 281 505 Umbri
306 463 331 536 g
359 440 487 504 nondum
514 441 545 503 in
573 441 693 524 antiqua
717 441 883 506 litteratura
904 441 1080 523 babuerunt,
1111 447 1216 510 sedin

174 559 268 622 latina
287 559 476 622 adiecerunt:
524 555 691 650 lirapuvi,
724 553 872 647 leumial',
906 553 1066 649 bussibet,
1102 557 1214 650 inulta,

180 669 357 764 Grabooe,
415 668 598 764 Graboui,
626 653 830 766 'Grabouriq
875 676 1004 773 qomiu,
1051 675 1213 776 beneque,

174 789 316 896 dacrya,
368 789 523 887 maqalu,
570 789 692 889 anqla,
731 787 868 890 unqlaf,
910 790 1069 891 aaqluto,
1114 820 1211 893 cyre.

174 910 325 977 Interdum
346 921 445 975 tamen
468 911 570 974 eadem
593 912 685 976 verba
707 913 795 983 etiam
814 913 905 978 latine
933 911 956 982 Ιι
985 915 1138 993 exhibent,
1163 927 1213 978 ut:

173 1023 295 1130 aubia,
328 1024 467 1094 collar.
525 1026 660 1114 Apparet
687 1050 728 1093 ex
757 1031 801 1094 his
831 1031 987 1116 exemplis,
1022 1023 1065 1127 ys
1086 1032 1215 1096 litteram

173 1137 332 1221 praecipue
356 1158 422 1201 cum
443 1137 559 1221 liquidis
588 1139 738 1222 coniungi.
783 1137 895 1203 Mirum
918 1152 975 1219 est,
1000 1141 1076 1224 quod
1097 1141 1214 1204 tabulae

174 1246 284 1310 latinae
300 1268 360 1309 non
382 1245 523 1341 iqout'na
544 1248 598 1311 scd
620 1244 752 1315 t't'oae‘na
774 1250 917 1328 scribunt,
941 1261 974 1314 nt
995 1250 1124 1314 umbrico
1143 1272 1214 1335 quo·

174 1384 231 1446 que
253 1385 332 1426 nuuc
354 1357 493 1428 ibuviua
515 1385 594 1428 nunc
615 1361 743 1448 iiuuina
764 1364 922 1448 reperitur.

258 1501 299 1587 Q.
323 1503 358 1569 Iu
373 1506 465 1570 latina
487 1505 653 1573 litteratura
675 1504 856 1572 Umbrorum
876 1516 907 1570 et
929 1501 1076 1571 Oscorum
1104 1517 1173 1570 ante
1196 1530 1215 1569 ιι

172 1615 323 1693 scribam,
346 1626 378 1678 ut
398 1615 430 1679 iu
451 1616 552 1699 lingua
571 1617 674 1694 latina,
696 1616 849 1713 piqm'er,
867 1636 1002 1712 μοιμοι
1026 1638 1080 1702 pro
1102 1594 1214 1681 duabus

172 1743 272 1796 tamen
301 1754 322 1795 ιι
348 1731 453 1795 litteris
480 1753 540 1794 uua
569 1743 683 1797 tantum
711 1737 840 1820 ponitur,
875 1731 996 1828 peiqtq
1034 1731 1210 1827 deqcricr.

172 1847 254 1912 Anto
269 1848 343 1912 alias
357 1848 476 1912 vocales
493 1869 559 1912 cum
573 1846 595 1908 k
609 1861 815 1930 commutatur,
829 1849 949 1946 yret'qu⁹
962 1846 1078 1941 pellic,
1092 1846 1210 1940 pellea.

171 1962 207 2031 ln
222 1965 342 2047 antiqua
356 1964 521 2027 litteratura
535 1957 580 2029 bv
595 1965 658 2030 eius
670 1968 736 2031 loco
748 1968 880 2052 ponitur,
902 1963 1059 2054 levabatur,
1077 1960 1211 2033 tabulas

173 2074 378 2176 (debarim),
405 2075 496 2165 elavi,
525 2076 716 2168 eilvasese,
744 2079 940 2151 eikvasatis.
997 2082 1077 2152 Osce
1099 2097 1213 2153 tautum

171 2192 202 2254 iu
224 2192 323 2255 tabula
345 2189 473 2254 Bautina
496 2191 603 2274 legitur
624 2213 677 2275 pro
698 2195 869 2278 compendio
886 2192 1126 2277 Quaestoris.

255 2324 295 2388 Τ.
319 2324 355 2390 Ιιι
369 2326 475 2389 tabulis
491 2325 656 2410 Eugubiuis
671 2326 697 2392 I.
715 2341 745 2393 ct
758 2327 800 2394 Π.
817 2330 926 2395 lineola
940 2342 1114 2396 transversa
1128 2343 1212 2395 trun-

161 2439 344 2505 ·cumsecat,
369 2428 400 2490 in
422 2429 529 2492 ceteris
551 2430 713 2494 iunioribus
736 2452 796 2494 non
810 2443 903 2496 secat.
949 2431 1083 2496 Eandem
1100 2435 1211 2496 lormae

170 2529 346 2594 varietatem
367 2531 571 2594 adnotavimus
600 2533 632 2594 in
655 2534 780 2606 nummis
801 2532 973 2597 Tudertinis
1000 2535 1212 2616 antiquioribus

169 2626 208 2696 et.
221 2631 395 2694 iunioribus.
418 2629 529 2693 Forma
550 2652 621 2695 osca
636 2635 739 2696 cadem
754 2645 811 2711 est,
830 2656 864 2698 ac
879 2634 971 2697 latina
986 2646 1016 2697 et
1030 2656 1151 2717 graeca.
1175 2633 1211 2698 ln

170 2761 253 2833 pus,
280 2734 432 2825 entelus,
459 2738 640 2832 purtius‘us
665 2748 681 2808 t
701 2744 799 2807 littera
819 2743 850 2807 iu
871 2745 929 2808 line
944 2743 1067 2808 excidit.
1108 2741 1210 2807 Gemi-
1288 2808 1296 2823 ,

170 2869 242 2922 nata
262 2873 308 2959 est
328 2858 360 2921 in
382 2862 530 2925 lettome.
550 2939 559 2956 ι

253 2999 296 3065 Ι).
320 3001 404 3065 Haec
423 3003 522 3066 littera
540 3002 572 3065 in
593 3002 693 3086 lingua
708 2999 849 3066 Umbrica
869 3023 940 3079 non,
964 2981 1040 3084 quod
1056 3012 1212 3085 exspecta·

169 3107 262 3187 veris,
287 3109 329 3173 c'x
350 3105 382 3197 ι’,
405 3112 458 3175 sed
474 3133 514 3174 ex
536 3117 551 3177 t
571 3113 669 3176 littera
691 3112 834 3195 originem
853 3112 948 3174 duxit.
993 3109 1068 3175 Non
1089 3132 1158 3174 raro
1180 3110 1212 3173 in

168 3217 312 3303 principio
327 3213 485 3284 uerborum
507 3221 640 3305 ponitur3
664 3221 695 3284 in
718 3219 821 3283 mediis
842 3221 940 3284 verbis
962 3221 1130 3304 plerumque
1146 3240 1210 3282 cum

170 3329 287 3412 liquidis
318 3332 475 3395 coniuncta
497 3341 560 3393 csta
585 3329 710 3414 amler,
738 3325 867 3414 bonde,
894 3325 1064 3422 sordide,
1093 3325 1208 3414 adrir,

164 3442 397 3536 pardineiust,
429 3444 622 3539 perditem,
654 3443 852 3539 persondru
896 3439 1124 3539 (persentiat).
1175 3446 1211 3510 lu

168 3562 281 3628 duabus
310 3567 434 3631 vocibus
465 3561 597 3632 todleir
627 3572 658 3625 ct
688 3560 844 3630 todbome
872 3575 941 3628 ante
968 3575 1087 3627 tenuem
1114 3563 1212 3647 posita

169 3687 234 3758 est3
258 3682 312 3744 sed
328 3681 419 3746 babes
434 3683 523 3746 ctiam
546 3678 670 3749 tollor.
718 3677 790 3744 Osci
815 3674 838 3744 d
858 3681 957 3744 littera
971 3679 1030 3742 iam
1044 3679 1076 3742 iu
1091 3679 1211 3762 antiqua

170 3787 335 3852 litteratura
357 3791 403 3853 usi
425 3801 504 3855 suut.
541 3791 654 3856 Nolam
676 3801 788 3874 ponunt
809 3790 944 3866 candem,
969 3810 1026 3871 qua
1044 3786 1175 3852 Romani
1195 3811 1212 3855 r

170 3892 351 3974 exprimunt,
368 3893 426 3956 nisi
448 3894 524 3975 quod
542 3902 707 3957 revertunt.
738 3890 785 3956 De
807 3912 824 3954 r
846 3904 876 3955 et
895 3893 913 3955 d
935 3892 1098 3954 litterarum
1120 3890 1211 3954 affini·

171 4003 231 4058 tate
253 3994 342 4060 etiam
363 3994 395 4058 in
416 3994 518 4078 lingna
538 3995 641 4073 latina,
672 3992 776 4057 videas
798 4014 873 4076 quae
894 3993 926 4055 in
945 3991 1030 4057 Diss.
1054 3992 1090 4057 de
1111 3989 1209 4056 Tabb.
