<?xml version="1.0" encoding="UTF-8"?>
<!DOCTYPE html PUBLIC "-//W3C//DTD XHTML 1.0 Transitional//EN"
    "http://www.w3.org/TR/xhtml1/DTD/xhtml1-transitional.dtd">
<html xmlns="http://www.w3.org/1999/xhtml" xml:lang="en" lang="en">
 <head>
  <title>
</title>
<meta http-equiv="Content-Type" content="text/html;charset=utf-8" />
  <meta name='ocr-system' content='tesseract 3.04.00' />
  <meta name='ocr-capabilities' content='ocr_page ocr_carea ocr_par ocr_line ocrx_word'/>
</head>
<body>
  <div class='ocr_page' id='page_1' title='image "./inscriptionesum00lepsgoog_0150.png"; bbox 0 0 2760 4754; ppageno 0'>
   <div class='ocr_carea' id='block_1_1' title="bbox 165 308 817 377">
    <p class='ocr_par' dir='ltr' id='par_1_1' title="bbox 165 308 817 377">
     <span class='ocr_line' id='line_1_1' title="bbox 165 308 817 377; baseline 0.014 -15"><span class='ocrx_word' id='word_1_1' title='bbox 165 308 234 377; x_wconf 77' lang='grc' dir='ltr'>Ιω</span> <span class='ocrx_word' id='word_1_2' title='bbox 549 327 653 370; x_wconf 77' lang='lat' dir='ltr'>uum</span> <span class='ocrx_word' id='word_1_3' title='bbox 674 327 817 371; x_wconf 79' lang='lat' dir='ltr'>rucunuu.</span> 
     </span>
    </p>
   </div>
   <div class='ocr_carea' id='block_1_2' title="bbox 164 470 1210 1172">
    <p class='ocr_par' dir='ltr' id='par_1_2' title="bbox 164 470 1210 1172">
     <span class='ocr_line' id='line_1_2' title="bbox 164 470 1206 564; baseline -0.007 -20"><span class='ocrx_word' id='word_1_4' title='bbox 164 489 233 544; x_wconf 76' lang='lat' dir='ltr'>sunt</span> <span class='ocrx_word' id='word_1_5' title='bbox 254 475 385 564; x_wconf 85' lang='lat' dir='ltr'>eiusdem</span> <span class='ocrx_word' id='word_1_6' title='bbox 408 476 490 540; x_wconf 87' lang='lat' dir='ltr'>cuius</span> <span class='ocrx_word' id='word_1_7' title='bbox 511 475 622 539; x_wconf 88' lang='lat' dir='ltr'>nummi</span> <span class='ocrx_word' id='word_1_8' title='bbox 637 470 760 552; x_wconf 71' lang='lat' dir='ltr'>(Ideni,</span> <span class='ocrx_word' id='word_1_9' title='bbox 784 471 885 551; x_wconf 78' lang='lat' dir='ltr'>linui,</span> <span class='ocrx_word' id='word_1_10' title='bbox 907 472 948 537; x_wconf 80' lang='lat' dir='ltr'>al.</span> <span class='ocrx_word' id='word_1_11' title='bbox 993 470 1119 537; x_wconf 83' lang='lat' dir='ltr'>Nummi</span> <span class='ocrx_word' id='word_1_12' title='bbox 1140 472 1206 547; x_wconf 78' lang='lat' dir='ltr'>tab</span> 
     </span>
     <span class='ocr_line' id='line_1_3' title="bbox 165 548 1209 660; baseline -0.004 -17"><span class='ocrx_word' id='word_1_13' title='bbox 165 575 275 643; x_wconf 90' lang='lat' dir='ltr'>XXX.</span> <span class='ocrx_word' id='word_1_14' title='bbox 299 576 363 641; x_wconf 88' lang='lat' dir='ltr'>No.</span> <span class='ocrx_word' id='word_1_15' title='bbox 365 560 435 640; x_wconf 95' lang='grc'>56.</span> <span class='ocrx_word' id='word_1_16' title='bbox 452 573 505 640; x_wconf 89' lang='grc'>57.</span> <span class='ocrx_word' id='word_1_17' title='bbox 529 573 812 660; x_wconf 85' lang='lat' dir='ltr'>express1Beroliui</span> <span class='ocrx_word' id='word_1_18' title='bbox 826 585 1029 639; x_wconf 74' lang='lat' dir='ltr'><strong>asservantur.</strong></span> <span class='ocrx_word' id='word_1_19' title='bbox 1064 548 1209 639; x_wconf 74' lang='lat' dir='ltr'>Elemen-</span> 
     </span>
     <span class='ocr_line' id='line_1_4' title="bbox 166 675 1209 762; baseline -0.007 -16"><span class='ocrx_word' id='word_1_20' title='bbox 166 695 226 746; x_wconf 90' lang='lat' dir='ltr'>tnm</span> <span class='ocrx_word' id='word_1_21' title='bbox 251 680 274 746; x_wconf 76' lang='grc' dir='ltr'>Ι1</span> <span class='ocrx_word' id='word_1_22' title='bbox 295 701 355 742; x_wconf 90' lang='grc'>666</span> <span class='ocrx_word' id='word_1_23' title='bbox 377 679 424 743; x_wconf 90' lang='lat' dir='ltr'>hic</span> <span class='ocrx_word' id='word_1_24' title='bbox 445 679 561 741; x_wconf 89' lang='lat' dir='ltr'>demum</span> <span class='ocrx_word' id='word_1_25' title='bbox 579 699 621 741; x_wconf 85' lang='lat' dir='ltr'>ox</span> <span class='ocrx_word' id='word_1_26' title='bbox 641 696 751 760; x_wconf 81' lang='lat' dir='ltr'>graeco</span> <span class='ocrx_word' id='word_1_27' title='bbox 772 676 926 762; x_wconf 87' lang='lat' dir='ltr'>alphabeto</span> <span class='ocrx_word' id='word_1_28' title='bbox 941 676 1062 760; x_wconf 84' lang='lat' dir='ltr'>potitum</span> <span class='ocrx_word' id='word_1_29' title='bbox 1077 677 1131 741; x_wconf 85' lang='lat' dir='ltr'>sed</span> <span class='ocrx_word' id='word_1_30' title='bbox 1146 675 1209 762; x_wconf 89' lang='lat' dir='ltr'>pri·</span> 
     </span>
     <span class='ocr_line' id='line_1_5' title="bbox 165 776 1209 863; baseline -0.006 -14"><span class='ocrx_word' id='word_1_31' title='bbox 165 802 282 849; x_wconf 75' lang='lat' dir='ltr'>ecorum</span> <span class='ocrx_word' id='word_1_32' title='bbox 304 800 373 845; x_wconf 78' lang='lat' dir='ltr'>esse</span> <span class='ocrx_word' id='word_1_33' title='bbox 393 778 655 856; x_wconf 79' lang='lat' dir='ltr'>Romenonrm,</span> <span class='ocrx_word' id='word_1_34' title='bbox 640 801 704 843; x_wconf 81' lang='lat' dir='ltr'>uam</span> <span class='ocrx_word' id='word_1_35' title='bbox 726 800 818 863; x_wconf 82' lang='lat' dir='ltr'>supra</span> <span class='ocrx_word' id='word_1_36' title='bbox 839 779 913 843; x_wconf 81' lang='lat' dir='ltr'>dixi.</span> <span class='ocrx_word' id='word_1_37' title='bbox 959 776 995 842; x_wconf 90' lang='lat' dir='ltr'>lu</span> <span class='ocrx_word' id='word_1_38' title='bbox 1009 799 1104 862; x_wconf 75' lang='lat' dir='ltr'>parvo</span> <span class='ocrx_word' id='word_1_39' title='bbox 1121 796 1209 843; x_wconf 86' lang='lat' dir='ltr'>unm·</span> 
     </span>
     <span class='ocr_line' id='line_1_6' title="bbox 166 878 1209 967; baseline -0.009 -16"><span class='ocrx_word' id='word_1_40' title='bbox 166 906 234 963; x_wconf 84' lang='lat' dir='ltr'>ruo,</span> <span class='ocrx_word' id='word_1_41' title='bbox 272 883 323 967; x_wconf 88' lang='lat' dir='ltr'>qni</span> <span class='ocrx_word' id='word_1_42' title='bbox 342 883 412 945; x_wconf 90' lang='lat' dir='ltr'>item</span> <span class='ocrx_word' id='word_1_43' title='bbox 434 878 565 946; x_wconf 80' lang='lat' dir='ltr'>berolini</span> <span class='ocrx_word' id='word_1_44' title='bbox 587 891 650 960; x_wconf 85' lang='lat' dir='ltr'>est,</span> <span class='ocrx_word' id='word_1_45' title='bbox 686 879 767 946; x_wconf 90' lang='lat' dir='ltr'>lovis</span> <span class='ocrx_word' id='word_1_46' title='bbox 789 880 969 966; x_wconf 85' lang='lat' dir='ltr'>conspicitur</span> <span class='ocrx_word' id='word_1_47' title='bbox 989 892 1096 965; x_wconf 87' lang='lat' dir='ltr'>caput,</span> <span class='ocrx_word' id='word_1_48' title='bbox 1126 878 1209 963; x_wconf 78' lang='lat' dir='ltr'>quod</span> 
     </span>
     <span class='ocr_line' id='line_1_7' title="bbox 167 979 1210 1068; baseline -0.006 -17"><span class='ocrx_word' id='word_1_49' title='bbox 167 997 214 1051; x_wconf 87' lang='lat' dir='ltr'>cst</span> <span class='ocrx_word' id='word_1_50' title='bbox 233 986 265 1049; x_wconf 93' lang='lat' dir='ltr'>iu</span> <span class='ocrx_word' id='word_1_51' title='bbox 286 983 412 1048; x_wconf 87' lang='lat' dir='ltr'>nummis</span> <span class='ocrx_word' id='word_1_52' title='bbox 433 980 574 1068; x_wconf 83' lang='lat' dir='ltr'>Capuae,</span> <span class='ocrx_word' id='word_1_53' title='bbox 602 980 741 1062; x_wconf 68' lang='lat' dir='ltr'>Atellae,</span> <span class='ocrx_word' id='word_1_54' title='bbox 770 979 924 1062; x_wconf 83' lang='lat' dir='ltr'>Calatiae,</span> <span class='ocrx_word' id='word_1_55' title='bbox 960 981 993 1046; x_wconf 87' lang='lat' dir='ltr'>in</span> <span class='ocrx_word' id='word_1_56' title='bbox 1013 981 1109 1047; x_wconf 78' lang='lat' dir='ltr'>altero</span> <span class='ocrx_word' id='word_1_57' title='bbox 1120 992 1210 1068; x_wconf 75' lang='lat' dir='ltr'>purte</span> 
     </span>
     <span class='ocr_line' id='line_1_8' title="bbox 167 1084 615 1172; baseline -0.009 -19"><span class='ocrx_word' id='word_1_58' title='bbox 167 1085 282 1172; x_wconf 78' lang='lat' dir='ltr'>Cupido</span> <span class='ocrx_word' id='word_1_59' title='bbox 296 1084 433 1170; x_wconf 89' lang='lat' dir='ltr'>delphino</span> <span class='ocrx_word' id='word_1_60' title='bbox 447 1085 565 1150; x_wconf 89' lang='lat' dir='ltr'>vehitur</span> <span class='ocrx_word' id='word_1_61' title='bbox 576 1088 615 1167; x_wconf 86' lang='lat'>¹).</span> 
     </span>
    </p>
   </div>
   <div class='ocr_carea' id='block_1_3' title="bbox 437 1267 936 1343">
    <p class='ocr_par' dir='ltr' id='par_1_3' title="bbox 437 1267 936 1343">
     <span class='ocr_line' id='line_1_9' title="bbox 437 1267 936 1343; baseline 0 -3"><span class='ocrx_word' id='word_1_62' title='bbox 437 1267 667 1341; x_wconf 78' lang='lat' dir='ltr'>Nummi</span> <span class='ocrx_word' id='word_1_63' title='bbox 695 1267 936 1343; x_wconf 73' lang='lat' dir='ltr'>incerti·</span> 
     </span>
    </p>
   </div>
   <div class='ocr_carea' id='block_1_4' title="bbox 168 1422 1242 1625">
    <p class='ocr_par' dir='ltr' id='par_1_4' title="bbox 168 1422 1242 1625">
     <span class='ocr_line' id='line_1_10' title="bbox 253 1422 1242 1510; baseline -0.005 -20"><span class='ocrx_word' id='word_1_64' title='bbox 253 1422 301 1490; x_wconf 78' lang='lat' dir='ltr'>Ad</span> <span class='ocrx_word' id='word_1_65' title='bbox 317 1422 456 1490; x_wconf 85' lang='lat' dir='ltr'>Paestum</span> <span class='ocrx_word' id='word_1_66' title='bbox 478 1444 567 1508; x_wconf 81' lang='lat' dir='ltr'>saepe</span> <span class='ocrx_word' id='word_1_67' title='bbox 583 1424 692 1487; x_wconf 87' lang='lat' dir='ltr'>nummi</span> <span class='ocrx_word' id='word_1_68' title='bbox 705 1423 895 1509; x_wconf 84' lang='lat' dir='ltr'>reperiuntur</span> <span class='ocrx_word' id='word_1_69' title='bbox 909 1424 1042 1508; x_wconf 80' lang='lat' dir='ltr'>argentei</span> <span class='ocrx_word' id='word_1_70' title='bbox 1056 1424 1210 1510; x_wconf 74' lang='lat' dir='ltr'>perparvi,</span> <span class='ocrx_word' id='word_1_71' title='bbox 1238 1480 1242 1485; x_wconf 90' lang='lat'>.</span> 
     </span>
     <span class='ocr_line' id='line_1_11' title="bbox 168 1528 1239 1625; baseline -0.002 -25"><span class='ocrx_word' id='word_1_72' title='bbox 168 1556 291 1620; x_wconf 82' lang='lat' dir='ltr'>quornm</span> <span class='ocrx_word' id='word_1_73' title='bbox 305 1534 466 1620; x_wconf 81' lang='lat' dir='ltr'>epigraphe</span> <span class='ocrx_word' id='word_1_74' title='bbox 488 1556 558 1599; x_wconf 90' lang='lat' dir='ltr'>osca</span> <span class='ocrx_word' id='word_1_75' title='bbox 573 1534 646 1598; x_wconf 85' lang='lat' dir='ltr'>haec</span> <span class='ocrx_word' id='word_1_76' title='bbox 661 1546 725 1598; x_wconf 84' lang='lat' dir='ltr'>cst:</span> <span class='ocrx_word' id='word_1_77' title='bbox 749 1528 891 1600; x_wconf 84' lang='lat' dir='ltr'>Fistluis</span> <span class='ocrx_word' id='word_1_78' title='bbox 907 1532 985 1614; x_wconf 85' lang='lat' dir='ltr'>(No.</span> <span class='ocrx_word' id='word_1_79' title='bbox 1003 1530 1085 1619; x_wconf 79' lang='grc'><strong>58.)</strong></span> <span class='ocrx_word' id='word_1_80' title='bbox 1121 1528 1210 1617; x_wconf 77' lang='lat' dir='ltr'>Quae</span> <span class='ocrx_word' id='word_1_81' title='bbox 1232 1614 1239 1625; x_wconf 29' lang='grc' dir='ltr'>ι</span> 
     </span>
    </p>
   </div>
   <div class='ocr_carea' id='block_1_5' title="bbox 166 1642 1211 2237">
    <p class='ocr_par' dir='ltr' id='par_1_5' title="bbox 170 1642 1211 2237">
     <span class='ocr_line' id='line_1_12' title="bbox 170 1642 1211 1728; baseline -0.006 -17"><span class='ocrx_word' id='word_1_82' title='bbox 170 1650 205 1711; x_wconf 91' lang='grc'>66</span> <span class='ocrx_word' id='word_1_83' title='bbox 221 1648 257 1710; x_wconf 94' lang='lat' dir='ltr'>iis</span> <span class='ocrx_word' id='word_1_84' title='bbox 271 1642 406 1709; x_wconf 91' lang='lat' dir='ltr'>homines</span> <span class='ocrx_word' id='word_1_85' title='bbox 422 1645 500 1720; x_wconf 88' lang='lat' dir='ltr'>docti</span> <span class='ocrx_word' id='word_1_86' title='bbox 515 1643 703 1708; x_wconf 87' lang='lat' dir='ltr'>commentati</span> <span class='ocrx_word' id='word_1_87' title='bbox 717 1654 795 1721; x_wconf 89' lang='lat' dir='ltr'>sunt,</span> <span class='ocrx_word' id='word_1_88' title='bbox 813 1643 1010 1726; x_wconf 79' lang='lat' dir='ltr'>Echhelius2)</span> <span class='ocrx_word' id='word_1_89' title='bbox 1027 1644 1167 1728; x_wconf 81' lang='lat' dir='ltr'>exposuit</span> <span class='ocrx_word' id='word_1_90' title='bbox 1179 1653 1211 1707; x_wconf 83' lang='lat' dir='ltr'>ct</span> 
     </span>
     <span class='ocr_line' id='line_1_13' title="bbox 171 1741 1211 1830; baseline -0.001 -18"><span class='ocrx_word' id='word_1_91' title='bbox 171 1748 321 1812; x_wconf 79' lang='lat' dir='ltr'>refutavit.</span> <span class='ocrx_word' id='word_1_92' title='bbox 349 1745 499 1812; x_wconf 89' lang='lat' dir='ltr'>Incertum</span> <span class='ocrx_word' id='word_1_93' title='bbox 513 1754 624 1823; x_wconf 86' lang='lat' dir='ltr'>manet,</span> <span class='ocrx_word' id='word_1_94' title='bbox 649 1764 717 1809; x_wconf 91' lang='lat' dir='ltr'>num</span> <span class='ocrx_word' id='word_1_95' title='bbox 732 1744 792 1810; x_wconf 92' lang='lat' dir='ltr'>illic</span> <span class='ocrx_word' id='word_1_96' title='bbox 807 1744 962 1830; x_wconf 85' lang='lat' dir='ltr'>aliquando</span> <span class='ocrx_word' id='word_1_97' title='bbox 978 1741 1052 1810; x_wconf 85' lang='lat' dir='ltr'>Osci</span> <span class='ocrx_word' id='word_1_98' title='bbox 1067 1744 1211 1811; x_wconf 78' lang='lat' dir='ltr'>consede·</span> 
     </span>
     <span class='ocr_line' id='line_1_14' title="bbox 170 1844 1211 1934; baseline -0.002 -19"><span class='ocrx_word' id='word_1_99' title='bbox 170 1849 231 1915; x_wconf 89' lang='lat' dir='ltr'>rint</span> <span class='ocrx_word' id='word_1_100' title='bbox 249 1868 440 1932; x_wconf 83' lang='lat' dir='ltr'>nummosque</span> <span class='ocrx_word' id='word_1_101' title='bbox 463 1849 596 1914; x_wconf 88' lang='lat' dir='ltr'>cuderint</span> <span class='ocrx_word' id='word_1_102' title='bbox 616 1858 645 1911; x_wconf 90' lang='lat' dir='ltr'>et</span> <span class='ocrx_word' id='word_1_103' title='bbox 660 1869 766 1912; x_wconf 91' lang='lat' dir='ltr'>nomen</span> <span class='ocrx_word' id='word_1_104' title='bbox 782 1844 960 1912; x_wconf 84' lang='lat' dir='ltr'>Posidonioe</span> <span class='ocrx_word' id='word_1_105' title='bbox 974 1846 1025 1911; x_wconf 91' lang='lat' dir='ltr'>illo</span> <span class='ocrx_word' id='word_1_106' title='bbox 1039 1848 1128 1913; x_wconf 91' lang='lat' dir='ltr'>modo</span> <span class='ocrx_word' id='word_1_107' title='bbox 1141 1862 1211 1934; x_wconf 83' lang='lat' dir='ltr'>prb-</span> 
     </span>
     <span class='ocr_line' id='line_1_15' title="bbox 166 1944 1211 2035; baseline -0.002 -18.99"><span class='ocrx_word' id='word_1_108' title='bbox 166 1948 383 2017; x_wconf 78' lang='lat' dir='ltr'>nuntiaverint</span> <span class='ocrx_word' id='word_1_109' title='bbox 429 1944 616 2035; x_wconf 81' lang='lat' dir='ltr'>Epigraphc,</span> <span class='ocrx_word' id='word_1_110' title='bbox 646 1950 671 2013; x_wconf 90' lang='lat' dir='ltr'>si</span> <span class='ocrx_word' id='word_1_111' title='bbox 694 1948 949 2035; x_wconf 76' lang='lat' dir='ltr'>palaeographiam</span> <span class='ocrx_word' id='word_1_112' title='bbox 971 1959 1105 2034; x_wconf 77' lang='lat' dir='ltr'>spectas,</span> <span class='ocrx_word' id='word_1_113' title='bbox 1129 1970 1211 2015; x_wconf 87' lang='lat' dir='ltr'>mere</span> 
     </span>
     <span class='ocr_line' id='line_1_16' title="bbox 172 2044 1211 2155; baseline 0 -38"><span class='ocrx_word' id='word_1_114' title='bbox 172 2074 242 2117; x_wconf 87' lang='lat' dir='ltr'>osca</span> <span class='ocrx_word' id='word_1_115' title='bbox 264 2063 321 2117; x_wconf 89' lang='lat' dir='ltr'>est.</span> <span class='ocrx_word' id='word_1_116' title='bbox 368 2050 491 2117; x_wconf 83' lang='lat' dir='ltr'>Concha</span> <span class='ocrx_word' id='word_1_117' title='bbox 514 2063 543 2115; x_wconf 88' lang='lat' dir='ltr'>et</span> <span class='ocrx_word' id='word_1_118' title='bbox 565 2070 688 2134; x_wconf 80' lang='lat' dir='ltr'>granum</span> <span class='ocrx_word' id='word_1_119' title='bbox 711 2052 849 2115; x_wconf 79' lang='lat' dir='ltr'>frumeuti</span> <span class='ocrx_word' id='word_1_120' title='bbox 865 2052 895 2116; x_wconf 93' lang='lat' dir='ltr'>iu</span> <span class='ocrx_word' id='word_1_121' title='bbox 912 2044 1092 2117; x_wconf 71' lang='lat' dir='ltr'>Cumarum</span> <span class='ocrx_word' id='word_1_122' title='bbox 1096 2068 1211 2155; x_wconf 79' lang='lat' dir='ltr'>quoque</span> 
     </span>
     <span class='ocr_line' id='line_1_17' title="bbox 173 2152 511 2237; baseline -0.003 -20"><span class='ocrx_word' id='word_1_123' title='bbox 173 2152 299 2217; x_wconf 88' lang='lat' dir='ltr'>nummis</span> <span class='ocrx_word' id='word_1_124' title='bbox 314 2154 511 2237; x_wconf 88' lang='lat' dir='ltr'>reperiuntur.</span> 
     </span>
    </p>
   </div>
   <div class='ocr_carea' id='block_1_6' title="bbox 171 2246 1242 2456">
    <p class='ocr_par' dir='ltr' id='par_1_6' title="bbox 171 2246 1242 2456">
     <span class='ocr_line' id='line_1_18' title="bbox 256 2246 1212 2340; baseline 0.003 -22"><span class='ocrx_word' id='word_1_125' title='bbox 256 2252 353 2319; x_wconf 86' lang='lat' dir='ltr'>Valde</span> <span class='ocrx_word' id='word_1_126' title='bbox 368 2254 496 2338; x_wconf 88' lang='lat' dir='ltr'>suspecti</span> <span class='ocrx_word' id='word_1_127' title='bbox 517 2253 588 2317; x_wconf 91' lang='lat' dir='ltr'>mihi</span> <span class='ocrx_word' id='word_1_128' title='bbox 610 2254 720 2317; x_wconf 90' lang='lat' dir='ltr'>nummi</span> <span class='ocrx_word' id='word_1_129' title='bbox 735 2263 803 2317; x_wconf 85' lang='lat' dir='ltr'>suut</span> <span class='ocrx_word' id='word_1_130' title='bbox 817 2254 906 2318; x_wconf 89' lang='lat' dir='ltr'>etiam</span> <span class='ocrx_word' id='word_1_131' title='bbox 920 2256 1062 2334; x_wconf 85' lang='lat' dir='ltr'>rariores,</span> <span class='ocrx_word' id='word_1_132' title='bbox 1087 2246 1212 2340; x_wconf 82' lang='lat' dir='ltr'>qnordm</span> 
     </span>
     <span class='ocr_line' id='line_1_19' title="bbox 171 2358 1242 2456; baseline 0.003 -27"><span class='ocrx_word' id='word_1_133' title='bbox 171 2364 324 2453; x_wconf 77' lang='lat' dir='ltr'>inscriptio</span> <span class='ocrx_word' id='word_1_134' title='bbox 346 2358 475 2430; x_wconf 82' lang='lat' dir='ltr'>Fistlus</span> <span class='ocrx_word' id='word_1_135' title='bbox 498 2387 516 2430; x_wconf 88' lang='lat' dir='ltr'>a</span> <span class='ocrx_word' id='word_1_136' title='bbox 537 2363 658 2456; x_wconf 87' lang='lat' dir='ltr'>sinistra</span> <span class='ocrx_word' id='word_1_137' title='bbox 678 2363 715 2427; x_wconf 87' lang='lat' dir='ltr'>ad</span> <span class='ocrx_word' id='word_1_138' title='bbox 737 2365 871 2428; x_wconf 80' lang='lat' dir='ltr'>dextram</span> <span class='ocrx_word' id='word_1_139' title='bbox 894 2363 1001 2449; x_wconf 86' lang='lat' dir='ltr'>legitur</span> <span class='ocrx_word' id='word_1_140' title='bbox 1021 2361 1102 2448; x_wconf 83' lang='lat' dir='ltr'>(Nc.</span> <span class='ocrx_word' id='word_1_141' title='bbox 1126 2364 1209 2452; x_wconf 79' lang='grc'><strong>59.)</strong></span> <span class='ocrx_word' id='word_1_142' title='bbox 1239 2443 1242 2447; x_wconf 27' lang='grc'><strong>,</strong></span> 
     </span>
    </p>
   </div>
   <div class='ocr_carea' id='block_1_7' title="bbox 172 2470 1215 2866">
    <p class='ocr_par' dir='ltr' id='par_1_7' title="bbox 172 2470 1215 2866">
     <span class='ocr_line' id='line_1_20' title="bbox 172 2470 1214 2560; baseline 0.001 -22"><span class='ocrx_word' id='word_1_143' title='bbox 172 2472 306 2539; x_wconf 86' lang='lat' dir='ltr'>Priscam</span> <span class='ocrx_word' id='word_1_144' title='bbox 321 2493 393 2538; x_wconf 88' lang='lat' dir='ltr'>saue</span> <span class='ocrx_word' id='word_1_145' title='bbox 409 2470 549 2558; x_wconf 79' lang='grc'><strong>66666666</strong></span> <span class='ocrx_word' id='word_1_146' title='bbox 563 2485 689 2538; x_wconf 89' lang='lat' dir='ltr'>aetatem</span> <span class='ocrx_word' id='word_1_147' title='bbox 712 2474 787 2538; x_wconf 89' lang='lat' dir='ltr'>etin</span> <span class='ocrx_word' id='word_1_148' title='bbox 801 2495 860 2538; x_wconf 92' lang='lat' dir='ltr'>una</span> <span class='ocrx_word' id='word_1_149' title='bbox 874 2487 957 2560; x_wconf 88' lang='lat' dir='ltr'>parte</span> <span class='ocrx_word' id='word_1_150' title='bbox 972 2487 1088 2541; x_wconf 77' lang='lat' dir='ltr'>taurum</span> <span class='ocrx_word' id='word_1_151' title='bbox 1102 2474 1214 2541; x_wconf 88' lang='lat' dir='ltr'>babent</span> 
     </span>
     <span class='ocr_line' id='line_1_21' title="bbox 173 2572 1213 2663; baseline 0.004 -23"><span class='ocrx_word' id='word_1_152' title='bbox 173 2576 204 2640; x_wconf 94' lang='lat' dir='ltr'>in</span> <span class='ocrx_word' id='word_1_153' title='bbox 220 2574 315 2641; x_wconf 89' lang='lat' dir='ltr'>altera</span> <span class='ocrx_word' id='word_1_154' title='bbox 330 2588 416 2663; x_wconf 89' lang='lat' dir='ltr'>caput</span> <span class='ocrx_word' id='word_1_155' title='bbox 434 2573 577 2661; x_wconf 83' lang='lat' dir='ltr'>muliebre</span> <span class='ocrx_word' id='word_1_156' title='bbox 591 2573 688 2661; x_wconf 91' lang='lat' dir='ltr'>passis</span> <span class='ocrx_word' id='word_1_157' title='bbox 703 2572 844 2655; x_wconf 78' lang='lat' dir='ltr'>crinibus,</span> <span class='ocrx_word' id='word_1_158' title='bbox 869 2598 943 2659; x_wconf 90' lang='lat' dir='ltr'>quae</span> <span class='ocrx_word' id='word_1_159' title='bbox 959 2578 1062 2642; x_wconf 89' lang='lat' dir='ltr'>eadem</span> <span class='ocrx_word' id='word_1_160' title='bbox 1082 2574 1114 2643; x_wconf 91' lang='lat' dir='ltr'>iu</span> <span class='ocrx_word' id='word_1_161' title='bbox 1128 2600 1213 2644; x_wconf 85' lang='lat' dir='ltr'>uum·</span> 
     </span>
     <span class='ocr_line' id='line_1_22' title="bbox 174 2672 1215 2765; baseline 0.002 -22"><span class='ocrx_word' id='word_1_162' title='bbox 174 2680 230 2753; x_wconf 87' lang='lat' dir='ltr'>mis</span> <span class='ocrx_word' id='word_1_163' title='bbox 250 2674 430 2744; x_wconf 89' lang='lat' dir='ltr'>Posidoniae</span> <span class='ocrx_word' id='word_1_164' title='bbox 448 2691 520 2744; x_wconf 85' lang='lat' dir='ltr'>suut</span> <span class='ocrx_word' id='word_1_165' title='bbox 540 2672 619 2764; x_wconf 89' lang='lat' dir='ltr'>(No.</span> <span class='ocrx_word' id='word_1_166' title='bbox 643 2673 726 2764; x_wconf 84' lang='lat'><strong>55.).</strong></span> <span class='ocrx_word' id='word_1_167' title='bbox 772 2674 833 2742; x_wconf 86' lang='lat' dir='ltr'>Sed</span> <span class='ocrx_word' id='word_1_168' title='bbox 853 2676 884 2742; x_wconf 90' lang='lat' dir='ltr'>iu</span> <span class='ocrx_word' id='word_1_169' title='bbox 906 2674 1134 2765; x_wconf 83' lang='lat' dir='ltr'>palaeographia</span> <span class='ocrx_word' id='word_1_170' title='bbox 1154 2676 1215 2745; x_wconf 89' lang='lat' dir='ltr'>duo</span> 
     </span>
     <span class='ocr_line' id='line_1_23' title="bbox 175 2776 1214 2866; baseline 0.001 -21"><span class='ocrx_word' id='word_1_171' title='bbox 175 2778 448 2845; x_wconf 87' lang='lat' dir='ltr'>animadvertuntur</span> <span class='ocrx_word' id='word_1_172' title='bbox 468 2802 589 2866; x_wconf 90' lang='lat' dir='ltr'>prorsus</span> <span class='ocrx_word' id='word_1_173' title='bbox 604 2776 805 2844; x_wconf 87' lang='lat' dir='ltr'>incredibilia:</span> <span class='ocrx_word' id='word_1_174' title='bbox 829 2802 931 2845; x_wconf 88' lang='lat' dir='ltr'>eorum</span> <span class='ocrx_word' id='word_1_175' title='bbox 946 2804 1035 2846; x_wconf 90' lang='lat' dir='ltr'>uuum</span> <span class='ocrx_word' id='word_1_176' title='bbox 1050 2791 1097 2845; x_wconf 88' lang='lat' dir='ltr'>est</span> <span class='ocrx_word' id='word_1_177' title='bbox 1110 2802 1214 2847; x_wconf 84' lang='lat' dir='ltr'>oscum</span> 
     </span>
    </p>
   </div>
   <div class='ocr_carea' id='block_1_8' title="bbox 173 2876 1214 3109">
    <p class='ocr_par' dir='ltr' id='par_1_8' title="bbox 173 2876 1214 3071">
     <span class='ocr_line' id='line_1_24' title="bbox 173 2876 1214 2967; baseline 0.005 -23"><span class='ocrx_word' id='word_1_178' title='bbox 173 2883 222 2946; x_wconf 88' lang='lat' dir='ltr'>vel</span> <span class='ocrx_word' id='word_1_179' title='bbox 243 2893 393 2945; x_wconf 91' lang='lat' dir='ltr'>etruscum</span> <span class='ocrx_word' id='word_1_180' title='bbox 416 2876 450 2960; x_wconf 84' lang='lat' dir='ltr'>f,</span> <span class='ocrx_word' id='word_1_181' title='bbox 479 2881 612 2965; x_wconf 88' lang='lat' dir='ltr'>quamvis</span> <span class='ocrx_word' id='word_1_182' title='bbox 639 2877 798 2965; x_wconf 80' lang='lat' dir='ltr'>epigraphe</span> <span class='ocrx_word' id='word_1_183' title='bbox 828 2901 845 2944; x_wconf 90' lang='grc'>6</span> <span class='ocrx_word' id='word_1_184' title='bbox 874 2878 995 2946; x_wconf 88' lang='lat' dir='ltr'>sinistra</span> <span class='ocrx_word' id='word_1_185' title='bbox 1023 2883 1214 2967; x_wconf 83' lang='lat' dir='ltr'>dextropsum</span> 
     </span>
     <span class='ocr_line' id='line_1_25' title="bbox 175 2980 1214 3109; baseline 0.006 -64"><span class='ocrx_word' id='word_1_186' title='bbox 175 2982 284 3066; x_wconf 87' lang='lat' dir='ltr'>scripta</span> <span class='ocrx_word' id='word_1_187' title='bbox 298 2982 355 3058; x_wconf 79' lang='lat' dir='ltr'>sit3</span> <span class='ocrx_word' id='word_1_188' title='bbox 373 2980 497 3044; x_wconf 88' lang='lat' dir='ltr'>alterum</span> <span class='ocrx_word' id='word_1_189' title='bbox 511 2992 698 3044; x_wconf 87' lang='lat' dir='ltr'>etruscum</span> <span class='ocrx_word' id='word_1_190' title='bbox 713 2991 735 3057; x_wconf 90' lang='lat' dir='ltr'>t,</span> <span class='ocrx_word' id='word_1_191' title='bbox 752 2981 834 3044; x_wconf 92' lang='lat' dir='ltr'>cuius</span> <span class='ocrx_word' id='word_1_192' title='bbox 849 2982 931 3047; x_wconf 83' lang='lat' dir='ltr'>trabs</span> <span class='ocrx_word' id='word_1_193' title='bbox 946 2995 1081 3049; x_wconf 88' lang='lat' dir='ltr'>truncum</span> <span class='ocrx_word' id='word_1_194' title='bbox 1096 2984 1214 3109; x_wconf 76' lang='lat' dir='ltr'>oblique</span> 
     </span>
    </p>
   </div>
   <div class='ocr_carea' id='block_1_9' title="bbox 174 3081 1215 3373">
    <p class='ocr_par' dir='ltr' id='par_1_9' title="bbox 174 3081 1215 3373">
     <span class='ocr_line' id='line_1_26' title="bbox 174 3081 903 3167; baseline -0.001 -19"><span class='ocrx_word' id='word_1_195' title='bbox 174 3093 274 3148; x_wconf 87' lang='lat' dir='ltr'>secat·</span> <span class='ocrx_word' id='word_1_196' title='bbox 299 3083 328 3145; x_wconf 94' lang='lat' dir='ltr'>id</span> <span class='ocrx_word' id='word_1_197' title='bbox 343 3081 420 3164; x_wconf 90' lang='lat' dir='ltr'>quod</span> <span class='ocrx_word' id='word_1_198' title='bbox 435 3102 490 3145; x_wconf 90' lang='lat' dir='ltr'>nec</span> <span class='ocrx_word' id='word_1_199' title='bbox 505 3102 606 3144; x_wconf 90' lang='lat' dir='ltr'>oscum</span> <span class='ocrx_word' id='word_1_200' title='bbox 622 3092 737 3146; x_wconf 89' lang='lat' dir='ltr'>estnec</span> <span class='ocrx_word' id='word_1_201' title='bbox 753 3103 903 3167; x_wconf 87' lang='lat' dir='ltr'>graecum.</span> 
     </span>
     <span class='ocr_line' id='line_1_27' title="bbox 258 3182 1214 3273; baseline 0.007 -27"><span class='ocrx_word' id='word_1_202' title='bbox 258 3183 321 3246; x_wconf 84' lang='lat' dir='ltr'>Alii</span> <span class='ocrx_word' id='word_1_203' title='bbox 343 3183 453 3247; x_wconf 90' lang='lat' dir='ltr'>nummi</span> <span class='ocrx_word' id='word_1_204' title='bbox 474 3182 615 3262; x_wconf 89' lang='lat' dir='ltr'>rariores,</span> <span class='ocrx_word' id='word_1_205' title='bbox 640 3194 670 3247; x_wconf 87' lang='lat' dir='ltr'>et</span> <span class='ocrx_word' id='word_1_206' title='bbox 690 3183 748 3268; x_wconf 93' lang='lat' dir='ltr'>ipsi</span> <span class='ocrx_word' id='word_1_207' title='bbox 767 3186 908 3271; x_wconf 84' lang='lat' dir='ltr'>suspecti,</span> <span class='ocrx_word' id='word_1_208' title='bbox 932 3187 963 3251; x_wconf 92' lang='lat' dir='ltr'>iu</span> <span class='ocrx_word' id='word_1_209' title='bbox 984 3198 1142 3273; x_wconf 74' lang='lat' dir='ltr'>unapnrto</span> <span class='ocrx_word' id='word_1_210' title='bbox 1163 3208 1214 3252; x_wconf 80' lang='lat' dir='ltr'>cu-</span> 
     </span>
     <span class='ocr_line' id='line_1_28' title="bbox 175 3284 1215 3373; baseline 0.007 -25"><span class='ocrx_word' id='word_1_211' title='bbox 175 3295 227 3372; x_wconf 90' lang='lat' dir='ltr'>put</span> <span class='ocrx_word' id='word_1_212' title='bbox 246 3284 389 3348; x_wconf 85' lang='lat' dir='ltr'>muliebre</span> <span class='ocrx_word' id='word_1_213' title='bbox 404 3285 605 3364; x_wconf 81' lang='lat' dir='ltr'>ostendunt,</span> <span class='ocrx_word' id='word_1_214' title='bbox 595 3306 628 3348; x_wconf 84' lang='lat' dir='ltr'>rn</span> <span class='ocrx_word' id='word_1_215' title='bbox 650 3284 743 3350; x_wconf 81' lang='lat' dir='ltr'>altera</span> <span class='ocrx_word' id='word_1_216' title='bbox 763 3299 876 3373; x_wconf 83' lang='lat' dir='ltr'>partem</span> <span class='ocrx_word' id='word_1_217' title='bbox 898 3286 1062 3354; x_wconf 76' lang='lat' dir='ltr'>Minotauri</span> <span class='ocrx_word' id='word_1_218' title='bbox 1081 3288 1215 3355; x_wconf 84' lang='lat' dir='ltr'>anterio·</span> 
     </span>
    </p>
   </div>
   <div class='ocr_carea' id='block_1_10' title="bbox 173 3392 1278 3699">
    <p class='ocr_par' dir='ltr' id='par_1_10' title="bbox 173 3392 1278 3699">
     <span class='ocr_line' id='line_1_29' title="bbox 173 3392 1278 3482; baseline 0.012 -25"><span class='ocrx_word' id='word_1_219' title='bbox 173 3412 255 3474; x_wconf 83' lang='lat' dir='ltr'>rem3</span> <span class='ocrx_word' id='word_1_220' title='bbox 294 3392 452 3480; x_wconf 80' lang='lat' dir='ltr'>epigraphe</span> <span class='ocrx_word' id='word_1_221' title='bbox 480 3406 598 3460; x_wconf 85' lang='lat' dir='ltr'>etrusca</span> <span class='ocrx_word' id='word_1_222' title='bbox 619 3414 708 3480; x_wconf 90' lang='lat' dir='ltr'>supra</span> <span class='ocrx_word' id='word_1_223' title='bbox 729 3397 839 3482; x_wconf 87' lang='lat' dir='ltr'>scripta</span> <span class='ocrx_word' id='word_1_224' title='bbox 860 3409 907 3462; x_wconf 86' lang='lat' dir='ltr'>est</span> <span class='ocrx_word' id='word_1_225' title='bbox 927 3394 1072 3467; x_wconf 81' lang='lat' dir='ltr'>Fisteln.</span> <span class='ocrx_word' id='word_1_226' title='bbox 1117 3394 1156 3466; x_wconf 90' lang='lat' dir='ltr'>In</span> <span class='ocrx_word' id='word_1_227' title='bbox 1174 3398 1216 3469; x_wconf 77' lang='lat' dir='ltr'>th</span> <span class='ocrx_word' id='word_1_228' title='bbox 1275 3461 1278 3471; x_wconf 90' lang='lat'><em>.</em></span> 
     </span>
     <span class='ocr_line' id='line_1_30' title="bbox 173 3503 1219 3603; baseline 0.011 -35"><span class='ocrx_word' id='word_1_229' title='bbox 173 3503 251 3568; x_wconf 90' lang='lat' dir='ltr'>idem</span> <span class='ocrx_word' id='word_1_230' title='bbox 273 3504 399 3569; x_wconf 88' lang='lat' dir='ltr'>babetur</span> <span class='ocrx_word' id='word_1_231' title='bbox 419 3517 432 3570; x_wconf 91' lang='lat' dir='ltr'>t</span> <span class='ocrx_word' id='word_1_232' title='bbox 452 3508 529 3591; x_wconf 90' lang='lat' dir='ltr'>quod</span> <span class='ocrx_word' id='word_1_233' title='bbox 551 3506 610 3570; x_wconf 89' lang='lat' dir='ltr'>iam</span> <span class='ocrx_word' id='word_1_234' title='bbox 631 3506 744 3587; x_wconf 83' lang='lat' dir='ltr'>notavi,</span> <span class='ocrx_word' id='word_1_235' title='bbox 769 3519 799 3571; x_wconf 92' lang='lat' dir='ltr'>et</span> <span class='ocrx_word' id='word_1_236' title='bbox 820 3527 976 3594; x_wconf 84' lang='lat' dir='ltr'>equoque</span> <span class='ocrx_word' id='word_1_237' title='bbox 997 3533 1059 3576; x_wconf 90' lang='lat' dir='ltr'>nou</span> <span class='ocrx_word' id='word_1_238' title='bbox 1073 3533 1144 3577; x_wconf 87' lang='lat' dir='ltr'>osce</span> <span class='ocrx_word' id='word_1_239' title='bbox 1160 3514 1219 3603; x_wconf 32' lang='lat' dir='ltr'>aad,</span> 
     </span>
     <span class='ocr_line' id='line_1_31' title="bbox 173 3606 1218 3699; baseline 0.009 -28"><span class='ocrx_word' id='word_1_240' title='bbox 173 3619 329 3672; x_wconf 81' lang='lat' dir='ltr'>etrusco</span> <span class='ocrx_word' id='word_1_241' title='bbox 351 3619 398 3672; x_wconf 89' lang='lat' dir='ltr'>est</span> <span class='ocrx_word' id='word_1_242' title='bbox 417 3610 584 3674; x_wconf 81' lang='lat' dir='ltr'>formatum.</span> <span class='ocrx_word' id='word_1_243' title='bbox 622 3606 750 3674; x_wconf 83' lang='lat' dir='ltr'>Accedit</span> <span class='ocrx_word' id='word_1_244' title='bbox 767 3631 904 3678; x_wconf 88' lang='lat' dir='ltr'>nummus</span> <span class='ocrx_word' id='word_1_245' title='bbox 919 3634 1027 3699; x_wconf 76' lang='lat' dir='ltr'>parvus</span> <span class='ocrx_word' id='word_1_246' title='bbox 1048 3611 1218 3681; x_wconf 75' lang='lat' dir='ltr'>similinus</span> 
     </span>
    </p>
   </div>
   <div class='ocr_carea' id='block_1_11' title="bbox 177 3846 1218 4028">
    <p class='ocr_par' dir='ltr' id='par_1_11' title="bbox 177 3846 1218 4028">
     <span class='ocr_line' id='line_1_32' title="bbox 245 3846 1218 3956; baseline 0.014 -27"><span class='ocrx_word' id='word_1_247' title='bbox 245 3879 272 3943; x_wconf 80' lang='lat'>1)</span> <span class='ocrx_word' id='word_1_248' title='bbox 288 3846 375 3931; x_wconf 70' lang='lat' dir='ltr'>uam</span> <span class='ocrx_word' id='word_1_249' title='bbox 391 3878 423 3932; x_wconf 89' lang='lat' dir='ltr'>u.</span> <span class='ocrx_word' id='word_1_250' title='bbox 443 3880 475 3932; x_wconf 88' lang='grc'>6.</span> <span class='ocrx_word' id='word_1_251' title='bbox 489 3883 541 3933; x_wconf 75' lang='lat' dir='ltr'>vor.</span> <span class='ocrx_word' id='word_1_252' title='bbox 557 3881 578 3931; x_wconf 87' lang='grc' dir='ltr'>ι.</span> <span class='ocrx_word' id='word_1_253' title='bbox 593 3899 618 3949; x_wconf 68' lang='lat' dir='ltr'>p.</span> <span class='ocrx_word' id='word_1_254' title='bbox 634 3885 690 3936; x_wconf 79' lang='grc'>66.</span> <span class='ocrx_word' id='word_1_255' title='bbox 712 3883 901 3955; x_wconf 67' lang='lat' dir='ltr'>einamma·</span> <span class='ocrx_word' id='word_1_256' title='bbox 912 3887 981 3940; x_wconf 72' lang='grc'>666</span> <span class='ocrx_word' id='word_1_257' title='bbox 993 3887 1143 3956; x_wconf 65' lang='grc'><strong>66666-</strong></span> <span class='ocrx_word' id='word_1_258' title='bbox 1153 3896 1218 3942; x_wconf 61' lang='lat' dir='ltr'>m</span> 
     </span>
     <span class='ocr_line' id='line_1_33' title="bbox 177 3965 459 4028; baseline 0.011 -16"><span class='ocrx_word' id='word_1_259' title='bbox 177 3969 230 4013; x_wconf 78' lang='lat' dir='ltr'>turn</span> <span class='ocrx_word' id='word_1_260' title='bbox 244 3965 459 4028; x_wconf 73' lang='lat' dir='ltr'>repraesentavit.</span> 
     </span>
    </p>
   </div>
   <div class='ocr_carea' id='block_1_12' title="bbox 244 4047 434 4114">
    <p class='ocr_par' dir='ltr' id='par_1_12' title="bbox 244 4047 434 4114">
     <span class='ocr_line' id='line_1_34' title="bbox 244 4047 434 4114; baseline 0 -14"><span class='ocrx_word' id='word_1_261' title='bbox 244 4047 309 4110; x_wconf 75' lang='grc'>61.</span> <span class='ocrx_word' id='word_1_262' title='bbox 327 4064 354 4114; x_wconf 83' lang='lat' dir='ltr'>p.</span> <span class='ocrx_word' id='word_1_263' title='bbox 375 4051 434 4102; x_wconf 75' lang='lat' dir='ltr'>tta.</span> 
     </span>
    </p>
   </div>
   <div class='ocr_carea' id='block_1_13' title="bbox 0 0 1395 4754">
    <p class='ocr_par' dir='ltr' id='par_1_13' title="bbox 0 0 1395 4754">
     <span class='ocr_line' id='line_1_35' title="bbox 0 0 1395 4754; baseline 0 0"><span class='ocrx_word' id='word_1_264' title='bbox 0 0 1395 4754; x_wconf 95' lang='lat' dir='ltr'> </span> 
     </span>
    </p>
   </div>
  </div>
 </body>
</html>
