2760 4754
496 353 500 358 ·
571 345 846 390 constructorum
1158 327 1222 394 §M

183 512 299 568 eorum,
317 511 391 573 quos
404 510 494 573 sopra
507 490 663 576 descripsi.
688 491 722 556 ln
737 514 799 557 ona
814 503 896 576 parte
910 513 983 556 osca
997 492 1105 576 legitur
1118 495 1223 560 inseri·

183 603 245 685 ptio
266 596 427 688 Fistluis3
451 601 531 664 circa
551 613 639 686 caput
660 613 757 666 autem
772 603 894 666 alterius
907 602 999 686 partis
1014 603 1130 686 graecis
1145 605 1222 670 litte·

182 713 226 776 ris
244 717 384 775 Φιετελια
397 716 433 794 ¹).
465 707 561 792 Quem
576 732 725 776 nummum
739 713 869 797 spurium
884 732 952 775 esse
966 712 1120 777 confirmat
1134 715 1222 778 etiam
1330 762 1332 769 ,

162 816 258 892 ·lroo‚
287 813 365 897 quod
386 832 496 877 aeneus
519 824 575 876 εει.
623 811 758 896 Denique
780 815 842 878 dux
863 814 898 877 de
920 811 1042 895 Lnyucs
1056 823 1079 893 2)
1101 816 1222 898 ignotae

182 915 225 979 illi
246 913 468 978 Phisteliae
489 935 625 978 nummos
648 903 781 998 assignat
801 916 915 999 priscos
931 916 1024 978 adhuc
1039 937 1057 978 a
1072 917 1151 981 nullo
1167 940 1221 983 ex·
1289 995 1294 999 ,

181 1019 316 1103 plicatos,
340 1016 372 1078 in
386 1016 490 1098 quibus
505 1016 592 1080 simul
612 1014 685 1080 Pos
701 1017 884 1101 (eidonia)
908 1028 938 1080 et
958 1015 1041 1081 Viis
1058 1017 1133 1099 (No.
1149 1019 1220 1103 63.)

181 1131 232 1184 aut
259 1120 291 1182 in
319 1129 442 1201 utraquo
469 1129 552 1202 parte
575 1115 662 1190 Viis
684 1117 762 1202 (No.
786 1117 857 1200 62.)
880 1130 938 1182 εει.
982 1115 1114 1186 Litteras
1137 1146 1159 1202 φ
1182 1135 1220 1187 ει

180 1223 326 1306 digamma
341 1241 487 1303 nunquam
503 1221 604 1284 affines
619 1220 698 1284 inter
711 1240 744 1284 sc
759 1220 864 1299 luisse,
887 1219 1005 1304 saepius
1021 1222 1131 1286 monui.
1159 1223 1218 1288 lta-

180 1344 237 1407 que
252 1322 372 1387 nomina
394 1319 481 1385 Viis
504 1332 534 1384 ει
554 1319 726 1385 Fistelia
746 1334 806 1384 nou
829 1342 917 1406 posse
938 1323 1015 1385 idem
1037 1324 1215 1407 significare,

180 1435 292 1489 eertum
306 1435 362 1488 εει.
391 1422 490 1507 Atque
511 1425 554 1488 ita
576 1424 740 1488 abiicienda
761 1419 829 1507 spes
852 1435 906 1488 est·
919 1425 983 1487 fore
1004 1435 1037 1487 ut
1050 1425 1217 1514 urbcmlac-

180 1527 308 1591 curatius
332 1546 544 1610 cognoscamus
566 1528 731 1610 antiquam,
756 1545 830 1608 quae
851 1547 945 1609 quum
959 1536 1003 1589 tot
1016 1548 1151 1592 nummos
1167 1552 1217 1594 cu-

157 1619 162 1635 ‘
179 1629 265 1706 derit,
289 1649 327 1691 nc
351 1626 443 1691 semel
464 1628 579 1709 quidem
599 1650 617 1691 a
638 1648 782 1710 quoquam
797 1626 943 1711 scriptore
956 1643 1214 1695 commemoratur.

263 1730 295 1793 2.
338 1728 411 1792 Non
441 1719 571 1793 minores
602 1729 783 1793 difficultates
817 1724 889 1792 viris
918 1730 1013 1794 doctis
1042 1731 1063 1793 ii
1092 1733 1235 1817 parare?

177 1843 246 1896 runt
259 1832 370 1896 nummi
384 1833 564 1914 frequentes,
589 1832 639 1914 qui
652 1831 741 1913 vulgo
763 1828 898 1916 Eprio,
924 1832 1000 1914 quod
1013 1845 1062 1896 est
1082 1835 1113 1896 in
1133 1833 1216 1920 Apu-

177 1935 228 2013 lia,
251 1934 428 1997 tribuuntur.
458 1933 525 2016 Ego
544 1954 617 1998 vero
633 1943 712 1996 certe
728 1932 803 1995 hanc
819 1932 963 2016 originem
977 1934 1041 1998 iure
1056 1937 1215 2020 reprobare

176 2036 247 2099 milri
274 2036 397 2114 videor3
433 2056 503 2098 nam
530 2056 617 2117 quum
645 2055 747 2097 eorum
776 2055 915 2099 numerus
951 2056 1051 2099 oscam
1079 2041 1216 2105 ostendat

175 2138 360 2221 scripturam,
386 2158 459 2219 quae
474 2148 556 2200 trans
570 2134 745 2219 Apenninos
762 2135 869 2198 usitata
891 2155 952 2200 non
973 2138 1039 2215 luit,
1062 2139 1117 2202 vix
1139 2141 1213 2206 elius
1237 2171 1240 2179 ¹

174 2249 332 2324 potuerunt
356 2238 436 2302 urbis
463 2239 555 2303 fuisse
575 2259 663 2320 quam
685 2258 759 2319 quac
782 2237 859 2301 haud
880 2237 969 2320 longe
991 2261 1009 2302 a
1032 2236 1214 2323 Campaniae

175 2341 284 2405 linibus
305 2340 409 2405 dissita
429 2352 522 2407 essct.
566 2339 608 2403 Et
628 2360 716 2422 quum
737 2339 769 2402 in
791 2338 961 2402 universum
982 2341 1091 2404 nummi
1105 2363 1213 2426 graece

171 2443 307 2528 inscripti
328 2443 508 2525 antiquiores
523 2443 584 2506 sint
600 2441 649 2519 iis,
675 2462 796 2525 quorum
812 2440 970 2527 epigraphe
986 2463 1056 2507 osca
1071 2454 1127 2522 est,
1152 2456 1212 2510 sta·

173 2557 257 2608 tuere
279 2565 334 2626 par
355 2555 416 2622 est,
446 2534 499 2607 eos
522 2542 655 2606 coloniae
677 2543 771 2605 fuisse
794 2540 946 2621 Graecae,
980 2543 1011 2604 in
1033 2565 1090 2626 qua
1112 2547 1212 2629 paula-

173 2645 226 2708 tim
247 2645 362 2707 incolae
384 2643 514 2729 primarii
536 2643 600 2706 osci
621 2644 751 2706 advenas
772 2645 977 2728 reprimerent.
1018 2642 1101 2706 Illam
1125 2669 1212 2728 quam

174 2746 237 2810 dixi
250 2745 388 2810 viciniam
405 2745 466 2830 typi
480 2766 593 2828 quoque
608 2745 749 2822 indicant,
774 2745 822 2827 qui
842 2745 947 2831 partim
963 2741 1010 2825 (N
1012 2766 1041 2807 o.
1058 2744 1129 2829 72.)
1144 2769 1211 2812 cum

172 2847 297 2912 nummis
318 2842 463 2931 Neapolis
487 2845 562 2929 (No.
585 2845 658 2930 74.)
682 2858 712 2911 ει
732 2843 909 2912 Posidoniae
934 2845 1012 2928 (No.
1034 2844 1104 2934 55.)
1126 2871 1210 2934 pror-

171 2972 222 3014 sus
245 2959 421 3032 congruunt,
446 2959 475 3012 ct
496 2946 563 3013 loca
585 2948 688 3032 quibus
710 2949 820 3033 reperti
835 2959 905 3012 sunt
918 2949 1046 3034 plurimi.
1081 2948 1148 3014 Huc
1161 2973 1209 3016 re-

170 3051 306 3115 ferendos
330 3050 457 3114 arbitror
478 3071 530 3114 eos
552 3071 667 3134 quoqne
689 3071 823 3114 nummos
839 3061 997 3131 ¹vetustos,
1028 3052 1128 3133 quiin
1150 3076 1210 3118 una

170 3163 251 3236 parte
274 3161 389 3214 taurum
411 3151 531 3229 habent,
555 3152 587 3216 in
610 3153 703 3215 altera
725 3161 812 3237 caput
833 3151 1008 3217 laureatum.
1036 3151 1089 3218 Ex
1103 3153 1209 3241 viginti

168 3254 294 3337 quinque
317 3253 454 3330 nummis,
480 3252 602 3336 quorum
624 3262 728 3341 ectypa
750 3253 845 3318 habeo
868 3274 1023 3340 expressa,
1048 3256 1125 3339 eligo
1140 3255 1204 3321 No.

166 3353 320 3421 64-73.
344 3364 375 3417 ut
397 3353 558 3418 varietates
577 3354 708 3419 maxime
731 3355 875 3420 notabiles
897 3355 1070 3440 significem.

351 3535 680 3609 Nummorum
708 3525 1020 3626 conspectus.

249 3690 313 3759 lam
335 3692 361 3755 si
382 3693 549 3757 summatim
569 3693 747 3778 repetimus,
786 3713 861 3776 quac
884 3693 921 3759 ad
943 3713 1077 3757 nummos
1098 3692 1205 3759 iuscri-

166 3787 232 3878 ptos
258 3803 403 3859 annotata
422 3804 511 3871 sunt,
540 3795 574 3858 iu
594 3806 692 3861 aetate
713 3795 838 3879 primum
866 3815 922 3865 uos
944 3795 1061 3860 versari
1081 3807 1214 3880 apparet·

197 4041 200 4044 ,
226 3982 261 4060 ⁴l)
279 3980 413 4048 Millingcn
430 3982 543 4064 Accient
561 3983 633 4064 ocius
651 3983 705 4064 tub.
724 3981 747 4034 l.
766 3981 814 4035 No:
836 3985 860 4035 t.

233 4064 260 4130 2)
279 4065 360 4120 Cltoix
379 4067 411 4118 de
429 4064 497 4120 mida
517 4083 641 4135 grcoquee
659 4069 694 4136 pl
713 4066 746 4120 V.
767 4066 816 4120 No.
833 4069 861 4120 l·
881 4070 907 4124 2·
927 4069 993 4212 δὲ.
