<?xml version="1.0" encoding="UTF-8"?>
<!DOCTYPE html PUBLIC "-//W3C//DTD XHTML 1.0 Transitional//EN"
    "http://www.w3.org/TR/xhtml1/DTD/xhtml1-transitional.dtd">
<html xmlns="http://www.w3.org/1999/xhtml" xml:lang="en" lang="en">
 <head>
  <title>
</title>
<meta http-equiv="Content-Type" content="text/html;charset=utf-8" />
  <meta name='ocr-system' content='tesseract 3.04.00' />
  <meta name='ocr-capabilities' content='ocr_page ocr_carea ocr_par ocr_line ocrx_word'/>
</head>
<body>
  <div class='ocr_page' id='page_1' title='image "./inscriptionesum00lepsgoog_0138.png"; bbox 0 0 2760 4754; ppageno 0'>
   <div class='ocr_carea' id='block_1_1' title="bbox 166 292 828 358">
    <p class='ocr_par' dir='ltr' id='par_1_1' title="bbox 166 292 828 358">
     <span class='ocr_line' id='line_1_1' title="bbox 166 292 828 358; baseline -0.009 0"><span class='ocrx_word' id='word_1_1' title='bbox 166 292 230 358; x_wconf 81' lang='lat'><strong>118</strong></span> <span class='ocrx_word' id='word_1_2' title='bbox 523 312 628 357; x_wconf 76' lang='lat' dir='ltr'><strong>uuum</strong></span> <span class='ocrx_word' id='word_1_3' title='bbox 649 306 828 355; x_wconf 69' lang='lat' dir='ltr'><strong>munimen.</strong></span> 
     </span>
    </p>
   </div>
   <div class='ocr_carea' id='block_1_2' title="bbox 167 451 1211 730">
    <p class='ocr_par' dir='ltr' id='par_1_2' title="bbox 167 451 1211 730">
     <span class='ocr_line' id='line_1_2' title="bbox 167 451 1211 546; baseline -0.002 -21"><span class='ocrx_word' id='word_1_4' title='bbox 167 456 427 546; x_wconf 68' lang='lat' dir='ltr'><strong>Pellegu&#39;·iniuun¹)²</strong></span> <span class='ocrx_word' id='word_1_5' title='bbox 459 457 668 546; x_wconf 76' lang='lat' dir='ltr'><strong>‘Comprdteria</strong></span> <span class='ocrx_word' id='word_1_6' title='bbox 690 459 737 523; x_wconf 86' lang='lat' dir='ltr'><strong>vel</strong></span> <span class='ocrx_word' id='word_1_7' title='bbox 757 454 959 523; x_wconf 77' lang='lat' dir='ltr'><strong>Combulteria</strong></span> <span class='ocrx_word' id='word_1_8' title='bbox 973 451 1121 535; x_wconf 79' lang='lat' dir='ltr'><strong>Romane,</strong></span> <span class='ocrx_word' id='word_1_9' title='bbox 1148 453 1211 523; x_wconf 83' lang='lat' dir='ltr'><strong>Co·</strong></span> 
     </span>
     <span class='ocr_line' id='line_1_3' title="bbox 168 554 1211 648; baseline -0.003 -21"><span class='ocrx_word' id='word_1_10' title='bbox 168 563 292 648; x_wconf 80' lang='lat' dir='ltr'><strong>pellenia</strong></span> <span class='ocrx_word' id='word_1_11' title='bbox 311 563 360 627; x_wconf 88' lang='lat' dir='ltr'><strong>vel</strong></span> <span class='ocrx_word' id='word_1_12' title='bbox 375 560 597 647; x_wconf 83' lang='lat' dir='ltr'><strong>Cupelternum,</strong></span> <span class='ocrx_word' id='word_1_13' title='bbox 621 561 643 625; x_wconf 91' lang='lat' dir='ltr'><strong>i.</strong></span> <span class='ocrx_word' id='word_1_14' title='bbox 661 581 689 625; x_wconf 91' lang='grc' dir='ltr'><strong>ε.</strong></span> <span class='ocrx_word' id='word_1_15' title='bbox 708 557 959 645; x_wconf 81' lang='lat' dir='ltr'><strong>Compulteriuum</strong></span> <span class='ocrx_word' id='word_1_16' title='bbox 982 554 1063 623; x_wconf 88' lang='lat' dir='ltr'><strong>Osce</strong></span> <span class='ocrx_word' id='word_1_17' title='bbox 1076 578 1211 644; x_wconf 89' lang='lat' dir='ltr'><strong>pronun·</strong></span> 
     </span>
     <span class='ocr_line' id='line_1_4' title="bbox 170 664 595 730; baseline 0.002 -3"><span class='ocrx_word' id='word_1_18' title='bbox 170 665 241 730; x_wconf 81' lang='lat' dir='ltr'><strong>tiata</strong></span> <span class='ocrx_word' id='word_1_19' title='bbox 264 666 334 730; x_wconf 87' lang='lat' dir='ltr'><strong>urbs</strong></span> <span class='ocrx_word' id='word_1_20' title='bbox 354 665 473 729; x_wconf 70' lang='lat' dir='ltr'><strong>videtur</strong></span> <span class='ocrx_word' id='word_1_21' title='bbox 492 664 595 729; x_wconf 86' lang='lat' dir='ltr'><strong>luisse.</strong></span> 
     </span>
    </p>
   </div>
   <div class='ocr_carea' id='block_1_3' title="bbox 171 847 1272 1776">
    <p class='ocr_par' dir='ltr' id='par_1_3' title="bbox 171 847 1272 1776">
     <span class='ocr_line' id='line_1_5' title="bbox 255 847 1211 942; baseline -0.002 -21"><span class='ocrx_word' id='word_1_22' title='bbox 255 855 378 921; x_wconf 89' lang='lat' dir='ltr'><strong>Nummi</strong></span> <span class='ocrx_word' id='word_1_23' title='bbox 400 867 468 922; x_wconf 82' lang='lat' dir='ltr'><strong>sunt</strong></span> <span class='ocrx_word' id='word_1_24' title='bbox 488 857 622 942; x_wconf 85' lang='lat' dir='ltr'><strong>perrari,</strong></span> <span class='ocrx_word' id='word_1_25' title='bbox 652 856 756 940; x_wconf 84' lang='lat' dir='ltr'><strong>quibus</strong></span> <span class='ocrx_word' id='word_1_26' title='bbox 781 847 1017 923; x_wconf 75' lang='lat' dir='ltr'><strong>Aludunniad</strong></span> <span class='ocrx_word' id='word_1_27' title='bbox 1037 853 1211 940; x_wconf 83' lang='lat' dir='ltr'><strong>iuscripmm</strong></span> 
     </span>
     <span class='ocr_line' id='line_1_6' title="bbox 172 962 1212 1050; baseline 0.002 -23"><span class='ocrx_word' id='word_1_28' title='bbox 172 973 228 1027; x_wconf 79' lang='lat' dir='ltr'><strong>est.</strong></span> <span class='ocrx_word' id='word_1_29' title='bbox 266 962 302 1028; x_wconf 94' lang='lat' dir='ltr'><strong>lu</strong></span> <span class='ocrx_word' id='word_1_30' title='bbox 325 985 384 1028; x_wconf 88' lang='lat' dir='ltr'><strong>uua</strong></span> <span class='ocrx_word' id='word_1_31' title='bbox 398 976 481 1050; x_wconf 84' lang='lat' dir='ltr'><strong>parte</strong></span> <span class='ocrx_word' id='word_1_32' title='bbox 502 963 660 1029; x_wconf 85' lang='lat' dir='ltr'><strong>Minervae</strong></span> <span class='ocrx_word' id='word_1_33' title='bbox 681 975 768 1050; x_wconf 80' lang='lat' dir='ltr'><strong>caput</strong></span> <span class='ocrx_word' id='word_1_34' title='bbox 786 966 896 1030; x_wconf 75' lang='lat' dir='ltr'><strong>hahent</strong></span> <span class='ocrx_word' id='word_1_35' title='bbox 915 965 993 1029; x_wconf 90' lang='lat' dir='ltr'><strong>idem</strong></span> <span class='ocrx_word' id='word_1_36' title='bbox 1015 963 1092 1048; x_wconf 92' lang='lat' dir='ltr'><strong>qnod</strong></span> <span class='ocrx_word' id='word_1_37' title='bbox 1112 973 1162 1028; x_wconf 74' lang='lat' dir='ltr'><strong>est</strong></span> <span class='ocrx_word' id='word_1_38' title='bbox 1179 962 1212 1029; x_wconf 91' lang='lat' dir='ltr'><strong>in</strong></span> 
     </span>
     <span class='ocr_line' id='line_1_7' title="bbox 171 1066 1208 1152; baseline 0 -24"><span class='ocrx_word' id='word_1_39' title='bbox 171 1067 297 1130; x_wconf 90' lang='lat' dir='ltr'><strong>nummis</strong></span> <span class='ocrx_word' id='word_1_40' title='bbox 312 1067 390 1151; x_wconf 82' lang='lat' dir='ltr'><strong>gullo</strong></span> <span class='ocrx_word' id='word_1_41' title='bbox 405 1067 540 1152; x_wconf 85' lang='lat' dir='ltr'><strong>signatis,</strong></span> <span class='ocrx_word' id='word_1_42' title='bbox 564 1078 769 1152; x_wconf 76' lang='lat' dir='ltr'><strong>praeterquam</strong></span> <span class='ocrx_word' id='word_1_43' title='bbox 784 1067 863 1152; x_wconf 92' lang='lat' dir='ltr'><strong>quod</strong></span> <span class='ocrx_word' id='word_1_44' title='bbox 878 1066 1066 1131; x_wconf 77' lang='lat' dir='ltr'><strong>dextrorsum</strong></span> <span class='ocrx_word' id='word_1_45' title='bbox 1079 1074 1208 1151; x_wconf 73' lang='lat' dir='ltr'><strong>special.</strong></span> 
     </span>
     <span class='ocr_line' id='line_1_8' title="bbox 171 1166 1209 1254; baseline 0.003 -25"><span class='ocrx_word' id='word_1_46' title='bbox 171 1166 238 1232; x_wconf 87' lang='lat' dir='ltr'><strong>Hoc</strong></span> <span class='ocrx_word' id='word_1_47' title='bbox 253 1179 339 1254; x_wconf 79' lang='lat' dir='ltr'><strong>eaput</strong></span> <span class='ocrx_word' id='word_1_48' title='bbox 352 1168 496 1234; x_wconf 76' lang='lat' dir='ltr'><strong>indicaret</strong></span> <span class='ocrx_word' id='word_1_49' title='bbox 510 1169 636 1252; x_wconf 85' lang='lat' dir='ltr'><strong>aliquam</strong></span> <span class='ocrx_word' id='word_1_50' title='bbox 651 1190 716 1232; x_wconf 92' lang='lat' dir='ltr'><strong>cum</strong></span> <span class='ocrx_word' id='word_1_51' title='bbox 725 1166 870 1234; x_wconf 83' lang='lat' dir='ltr'><strong>Romanis</strong></span> <span class='ocrx_word' id='word_1_52' title='bbox 878 1169 1005 1233; x_wconf 88' lang='lat' dir='ltr'><strong>nummis</strong></span> <span class='ocrx_word' id='word_1_53' title='bbox 1020 1168 1209 1249; x_wconf 70' lang='lat' dir='ltr'><strong>affinitatem</strong></span> 
     </span>
     <span class='ocr_line' id='line_1_9' title="bbox 171 1270 1272 1356; baseline 0.002 -23"><span class='ocrx_word' id='word_1_54' title='bbox 171 1281 238 1354; x_wconf 78' lang='lat' dir='ltr'><strong>post</strong></span> <span class='ocrx_word' id='word_1_55' title='bbox 255 1271 286 1334; x_wconf 93' lang='lat' dir='ltr'><strong>id</strong></span> <span class='ocrx_word' id='word_1_56' title='bbox 307 1270 442 1355; x_wconf 84' lang='lat' dir='ltr'><strong>globulus</strong></span> <span class='ocrx_word' id='word_1_57' title='bbox 464 1282 511 1334; x_wconf 84' lang='lat' dir='ltr'><strong>est</strong></span> <span class='ocrx_word' id='word_1_58' title='bbox 530 1270 664 1354; x_wconf 85' lang='lat' dir='ltr'><strong>margine</strong></span> <span class='ocrx_word' id='word_1_59' title='bbox 685 1271 790 1355; x_wconf 85' lang='lat' dir='ltr'><strong>duplici</strong></span> <span class='ocrx_word' id='word_1_60' title='bbox 803 1270 941 1355; x_wconf 86' lang='lat' dir='ltr'><strong>insignis,</strong></span> <span class='ocrx_word' id='word_1_61' title='bbox 965 1270 997 1334; x_wconf 91' lang='lat' dir='ltr'><strong>in</strong></span> <span class='ocrx_word' id='word_1_62' title='bbox 1011 1271 1104 1335; x_wconf 80' lang='lat' dir='ltr'><strong>altera</strong></span> <span class='ocrx_word' id='word_1_63' title='bbox 1125 1280 1211 1356; x_wconf 77' lang='lat' dir='ltr'><strong>parte</strong></span> <span class='ocrx_word' id='word_1_64' title='bbox 1270 1316 1272 1321; x_wconf 89' lang='lat'><em>-</em></span> 
     </span>
     <span class='ocr_line' id='line_1_10' title="bbox 171 1369 1225 1458; baseline 0.002 -23"><span class='ocrx_word' id='word_1_65' title='bbox 171 1373 256 1437; x_wconf 88' lang='lat' dir='ltr'><strong>miles</strong></span> <span class='ocrx_word' id='word_1_66' title='bbox 271 1385 403 1458; x_wconf 76' lang='lat' dir='ltr'><strong>pateram</strong></span> <span class='ocrx_word' id='word_1_67' title='bbox 419 1373 560 1437; x_wconf 85' lang='lat' dir='ltr'><strong>offerens.</strong></span> <span class='ocrx_word' id='word_1_68' title='bbox 596 1369 802 1457; x_wconf 79' lang='lat' dir='ltr'><strong>Suspicionem</strong></span> <span class='ocrx_word' id='word_1_69' title='bbox 816 1374 848 1437; x_wconf 89' lang='lat' dir='ltr'><strong>in</strong></span> <span class='ocrx_word' id='word_1_70' title='bbox 862 1374 907 1438; x_wconf 89' lang='lat' dir='ltr'><strong>his</strong></span> <span class='ocrx_word' id='word_1_71' title='bbox 923 1392 1038 1457; x_wconf 90' lang='lat' dir='ltr'><strong>quoque</strong></span> <span class='ocrx_word' id='word_1_72' title='bbox 1052 1371 1225 1457; x_wconf 63' lang='lat' dir='ltr'><strong>epigraphe*</strong></span> 
     </span>
     <span class='ocr_line' id='line_1_11' title="bbox 171 1472 1213 1558; baseline 0.003 -20"><span class='ocrx_word' id='word_1_73' title='bbox 171 1486 281 1538; x_wconf 83' lang='lat' dir='ltr'><strong>movet.</strong></span> <span class='ocrx_word' id='word_1_74' title='bbox 327 1475 488 1539; x_wconf 84' lang='lat' dir='ltr'><strong>llckhelius</strong></span> <span class='ocrx_word' id='word_1_75' title='bbox 499 1479 526 1558; x_wconf 75' lang='lat'><strong>²)</strong></span> <span class='ocrx_word' id='word_1_76' title='bbox 542 1485 573 1538; x_wconf 89' lang='grc' dir='ltr'><strong>ει</strong></span> <span class='ocrx_word' id='word_1_77' title='bbox 586 1474 752 1538; x_wconf 84' lang='lat' dir='ltr'><strong>Avellinins</strong></span> <span class='ocrx_word' id='word_1_78' title='bbox 762 1478 789 1558; x_wconf 80' lang='lat'><strong>³)</strong></span> <span class='ocrx_word' id='word_1_79' title='bbox 804 1473 1071 1540; x_wconf 80' lang='lat' dir='ltr'><strong>Acherontiae</strong></span> <span class='ocrx_word' id='word_1_80' title='bbox 1084 1472 1213 1558; x_wconf 74' lang='lat' dir='ltr'><strong>apuliae</strong></span> 
     </span>
     <span class='ocr_line' id='line_1_12' title="bbox 171 1579 1212 1668; baseline 0.002 -22"><span class='ocrx_word' id='word_1_81' title='bbox 171 1582 321 1663; x_wconf 60' lang='lat' dir='ltr'><strong>tribunum</strong></span> <span class='ocrx_word' id='word_1_82' title='bbox 336 1582 469 1648; x_wconf 82' lang='lat' dir='ltr'><strong>Lanzius</strong></span> <span class='ocrx_word' id='word_1_83' title='bbox 484 1585 556 1668; x_wconf 80' lang='lat' dir='ltr'><strong>legit</strong></span> <span class='ocrx_word' id='word_1_84' title='bbox 569 1579 794 1650; x_wconf 82' lang='lat' dir='ltr'><strong>Akurunniar</strong></span> <span class='ocrx_word' id='word_1_85' title='bbox 808 1595 839 1649; x_wconf 91' lang='grc' dir='ltr'><strong>ει</strong></span> <span class='ocrx_word' id='word_1_86' title='bbox 852 1583 983 1668; x_wconf 77' lang='lat' dir='ltr'><strong>explicat</strong></span> <span class='ocrx_word' id='word_1_87' title='bbox 996 1584 1032 1646; x_wconf 89' lang='lat' dir='ltr'><strong>de</strong></span> <span class='ocrx_word' id='word_1_88' title='bbox 1046 1579 1212 1648; x_wconf 81' lang='lat' dir='ltr'><strong>Acerro-</strong></span> 
     </span>
     <span class='ocr_line' id='line_1_13' title="bbox 172 1690 1213 1776; baseline 0.004 -22"><span class='ocrx_word' id='word_1_89' title='bbox 172 1691 235 1754; x_wconf 89' lang='lat' dir='ltr'><strong>nia</strong></span> <span class='ocrx_word' id='word_1_90' title='bbox 248 1690 401 1757; x_wconf 86' lang='lat' dir='ltr'><strong>Lucaniae</strong></span> <span class='ocrx_word' id='word_1_91' title='bbox 414 1714 488 1776; x_wconf 91' lang='lat' dir='ltr'><strong>qnae</strong></span> <span class='ocrx_word' id='word_1_92' title='bbox 504 1705 749 1759; x_wconf 73' lang='lat' dir='ltr'><strong>commemoratur</strong></span> <span class='ocrx_word' id='word_1_93' title='bbox 762 1693 794 1757; x_wconf 93' lang='lat' dir='ltr'><strong>in</strong></span> <span class='ocrx_word' id='word_1_94' title='bbox 807 1690 1213 1773; x_wconf 67' lang='lat' dir='ltr'><strong>ItinerarioAulouiuipler·</strong></span> 
     </span>
    </p>
   </div>
   <div class='ocr_carea' id='block_1_4' title="bbox 172 1797 1212 1891">
    <p class='ocr_par' dir='ltr' id='par_1_4' title="bbox 172 1797 1212 1891">
     <span class='ocr_line' id='line_1_14' title="bbox 172 1797 1212 1891; baseline 0.005 -28"><span class='ocrx_word' id='word_1_95' title='bbox 172 1800 361 1867; x_wconf 80' lang='lat' dir='ltr'><strong>minationem</strong></span> <span class='ocrx_word' id='word_1_96' title='bbox 383 1805 503 1868; x_wconf 86' lang='lat' dir='ltr'><strong>arluco</strong></span> <span class='ocrx_word' id='word_1_97' title='bbox 524 1825 630 1891; x_wconf 84' lang='lat' dir='ltr'><strong>aspro</strong></span> <span class='ocrx_word' id='word_1_98' title='bbox 647 1801 729 1869; x_wconf 86' lang='lat' dir='ltr'><strong>Osco</strong></span> <span class='ocrx_word' id='word_1_99' title='bbox 749 1802 850 1868; x_wconf 80' lang='lat' dir='ltr'><strong>habuit</strong></span> <span class='ocrx_word' id='word_1_100' title='bbox 864 1802 1006 1888; x_wconf 79' lang='lat' dir='ltr'><strong>genitivo.</strong></span> <span class='ocrx_word' id='word_1_101' title='bbox 1047 1797 1109 1866; x_wconf 85' lang='lat' dir='ltr'><strong>Sed</strong></span> <span class='ocrx_word' id='word_1_102' title='bbox 1122 1802 1212 1868; x_wconf 69' lang='lat' dir='ltr'><strong>lectio</strong></span> 
     </span>
    </p>
   </div>
   <div class='ocr_carea' id='block_1_5' title="bbox 173 1900 1214 2005">
    <p class='ocr_par' dir='ltr' id='par_1_5' title="bbox 173 1900 1214 2005">
     <span class='ocr_line' id='line_1_15' title="bbox 173 1900 1214 2005; baseline 0.011 -25"><span class='ocrx_word' id='word_1_103' title='bbox 173 1913 288 1999; x_wconf 83' lang='lat' dir='ltr'><strong>quidem</strong></span> <span class='ocrx_word' id='word_1_104' title='bbox 299 1912 536 1988; x_wconf 79' lang='lat' dir='ltr'><strong>Alaudnnniad</strong></span> <span class='ocrx_word' id='word_1_105' title='bbox 550 1933 632 1986; x_wconf 78' lang='lat' dir='ltr'><strong>coma</strong></span> <span class='ocrx_word' id='word_1_106' title='bbox 646 1900 712 2001; x_wconf 77' lang='lat' dir='ltr'><strong>esd3</strong></span> <span class='ocrx_word' id='word_1_107' title='bbox 731 1920 806 1984; x_wconf 86' lang='lat' dir='ltr'><strong>mira</strong></span> <span class='ocrx_word' id='word_1_108' title='bbox 817 1930 930 1984; x_wconf 80' lang='lat' dir='ltr'><strong>tantum</strong></span> <span class='ocrx_word' id='word_1_109' title='bbox 945 1919 1040 1982; x_wconf 86' lang='lat' dir='ltr'><strong>iorma</strong></span> <span class='ocrx_word' id='word_1_110' title='bbox 1053 1918 1176 2005; x_wconf 70' lang='lat' dir='ltr'><strong>alieuius</strong></span> <span class='ocrx_word' id='word_1_111' title='bbox 1188 1945 1214 1991; x_wconf 87' lang='lat' dir='ltr'><strong>n</strong></span> 
     </span>
    </p>
   </div>
   <div class='ocr_carea' id='block_1_6' title="bbox 172 2025 1217 2218">
    <p class='ocr_par' dir='ltr' id='par_1_6' title="bbox 172 2025 1217 2218">
     <span class='ocr_line' id='line_1_16' title="bbox 172 2025 1217 2113; baseline 0.007 -25"><span class='ocrx_word' id='word_1_112' title='bbox 172 2025 203 2089; x_wconf 89' lang='lat' dir='ltr'><strong>iu</strong></span> <span class='ocrx_word' id='word_1_113' title='bbox 218 2049 335 2094; x_wconf 91' lang='lat' dir='ltr'><strong>nummo</strong></span> <span class='ocrx_word' id='word_1_114' title='bbox 350 2027 535 2096; x_wconf 90' lang='lat' dir='ltr'><strong>Loudineusi</strong></span> <span class='ocrx_word' id='word_1_115' title='bbox 549 2030 583 2096; x_wconf 94' lang='lat' dir='ltr'>N</span> <span class='ocrx_word' id='word_1_116' title='bbox 584 2054 613 2096; x_wconf 92' lang='lat' dir='ltr'><strong>o.</strong></span> <span class='ocrx_word' id='word_1_117' title='bbox 631 2029 684 2094; x_wconf 82' lang='lat'><strong>35.</strong></span> <span class='ocrx_word' id='word_1_118' title='bbox 701 2051 756 2095; x_wconf 90' lang='lat' dir='ltr'><strong>nec</strong></span> <span class='ocrx_word' id='word_1_119' title='bbox 771 2029 867 2094; x_wconf 90' lang='lat' dir='ltr'><strong>miuus</strong></span> <span class='ocrx_word' id='word_1_120' title='bbox 881 2026 1013 2092; x_wconf 82' lang='lat' dir='ltr'><strong>insoleus</strong></span> <span class='ocrx_word' id='word_1_121' title='bbox 1028 2039 1167 2113; x_wconf 66' lang='lat' dir='ltr'><strong>pnnopum</strong></span> <span class='ocrx_word' id='word_1_122' title='bbox 1181 2026 1217 2095; x_wconf 67' lang='lat' dir='ltr'><strong>in&#39;</strong></span> 
     </span>
     <span class='ocr_line' id='line_1_17' title="bbox 172 2128 1213 2218; baseline 0.008 -29"><span class='ocrx_word' id='word_1_123' title='bbox 172 2128 308 2192; x_wconf 82' lang='lat' dir='ltr'><strong>vocabuli</strong></span> <span class='ocrx_word' id='word_1_124' title='bbox 330 2131 387 2196; x_wconf 87' lang='lat' dir='ltr'><strong>line</strong></span> <span class='ocrx_word' id='word_1_125' title='bbox 410 2143 553 2218; x_wconf 80' lang='lat' dir='ltr'><strong>apemum.</strong></span> <span class='ocrx_word' id='word_1_126' title='bbox 590 2131 673 2196; x_wconf 87' lang='lat' dir='ltr'><strong>Haec</strong></span> <span class='ocrx_word' id='word_1_127' title='bbox 688 2143 753 2195; x_wconf 71' lang='lat' dir='ltr'><strong>utut</strong></span> <span class='ocrx_word' id='word_1_128' title='bbox 767 2143 847 2209; x_wconf 78' lang='lat' dir='ltr'><strong>suut,</strong></span> <span class='ocrx_word' id='word_1_129' title='bbox 870 2128 1089 2195; x_wconf 81' lang='lat' dir='ltr'><strong>vehemendssc</strong></span> <span class='ocrx_word' id='word_1_130' title='bbox 1104 2150 1213 2198; x_wconf 85' lang='lat' dir='ltr'><strong>nomen</strong></span> 
     </span>
    </p>
   </div>
   <div class='ocr_carea' id='block_1_7' title="bbox 171 2232 1216 2840">
    <p class='ocr_par' dir='ltr' id='par_1_7' title="bbox 171 2232 1216 2840">
     <span class='ocr_line' id='line_1_18' title="bbox 174 2232 1213 2328; baseline 0.009 -30"><span class='ocrx_word' id='word_1_131' title='bbox 174 2235 297 2302; x_wconf 77' lang='lat' dir='ltr'><strong>offendit</strong></span> <span class='ocrx_word' id='word_1_132' title='bbox 316 2250 436 2326; x_wconf 81' lang='lat' dir='ltr'><strong>propter</strong></span> <span class='ocrx_word' id='word_1_133' title='bbox 458 2241 675 2306; x_wconf 71' lang='lat' dir='ltr'><strong>formationem.</strong></span> <span class='ocrx_word' id='word_1_134' title='bbox 715 2239 899 2305; x_wconf 82' lang='lat' dir='ltr'><strong>Termiuado</strong></span> <span class='ocrx_word' id='word_1_135' title='bbox 921 2232 979 2328; x_wconf 84' lang='lat' dir='ltr'><strong>ad,</strong></span> <span class='ocrx_word' id='word_1_136' title='bbox 1005 2260 1075 2306; x_wconf 87' lang='lat' dir='ltr'><strong>osce</strong></span> <span class='ocrx_word' id='word_1_137' title='bbox 1097 2240 1213 2327; x_wconf 88' lang='lat' dir='ltr'><strong>quidem</strong></span> 
     </span>
     <span class='ocr_line' id='line_1_19' title="bbox 173 2347 1215 2436; baseline 0.01 -29"><span class='ocrx_word' id='word_1_138' title='bbox 173 2365 233 2408; x_wconf 93' lang='lat' dir='ltr'><strong>non</strong></span> <span class='ocrx_word' id='word_1_139' title='bbox 254 2358 351 2430; x_wconf 80' lang='lat' dir='ltr'><strong>polest</strong></span> <span class='ocrx_word' id='word_1_140' title='bbox 371 2347 502 2414; x_wconf 88' lang='lat' dir='ltr'><strong>iudicare</strong></span> <span class='ocrx_word' id='word_1_141' title='bbox 523 2349 679 2435; x_wconf 86' lang='lat' dir='ltr'><strong>quidquam</strong></span> <span class='ocrx_word' id='word_1_142' title='bbox 699 2349 757 2414; x_wconf 91' lang='lat' dir='ltr'><strong>nisi</strong></span> <span class='ocrx_word' id='word_1_143' title='bbox 779 2349 956 2429; x_wconf 69' lang='lat' dir='ltr'><strong>ablativum,</strong></span> <span class='ocrx_word' id='word_1_144' title='bbox 981 2360 1042 2413; x_wconf 82' lang='lat' dir='ltr'><strong>lum</strong></span> <span class='ocrx_word' id='word_1_145' title='bbox 1057 2373 1082 2417; x_wconf 88' lang='lat' dir='ltr'><strong>n</strong></span> <span class='ocrx_word' id='word_1_146' title='bbox 1104 2348 1215 2436; x_wconf 81' lang='lat' dir='ltr'><strong>duplex</strong></span> 
     </span>
     <span class='ocr_line' id='line_1_20' title="bbox 172 2448 1215 2537; baseline 0.008 -27"><span class='ocrx_word' id='word_1_147' title='bbox 172 2457 218 2511; x_wconf 76' lang='lat' dir='ltr'><strong>esi</strong></span> <span class='ocrx_word' id='word_1_148' title='bbox 233 2448 415 2531; x_wconf 69' lang='lat' dir='ltr'><strong>inauditum</strong></span> <span class='ocrx_word' id='word_1_149' title='bbox 439 2452 515 2534; x_wconf 93' lang='lat' dir='ltr'><strong>qnod</strong></span> <span class='ocrx_word' id='word_1_150' title='bbox 529 2451 589 2515; x_wconf 90' lang='lat' dir='ltr'><strong>iam</strong></span> <span class='ocrx_word' id='word_1_151' title='bbox 603 2461 698 2516; x_wconf 75' lang='lat' dir='ltr'><strong>restat</strong></span> <span class='ocrx_word' id='word_1_152' title='bbox 711 2451 838 2517; x_wconf 89' lang='lat' dir='ltr'><strong>nominis</strong></span> <span class='ocrx_word' id='word_1_153' title='bbox 853 2451 908 2514; x_wconf 86' lang='lat' dir='ltr'><strong>vix</strong></span> <span class='ocrx_word' id='word_1_154' title='bbox 923 2451 980 2515; x_wconf 90' lang='lat' dir='ltr'><strong>alio</strong></span> <span class='ocrx_word' id='word_1_155' title='bbox 995 2462 1094 2537; x_wconf 80' lang='lat' dir='ltr'><strong>potest</strong></span> <span class='ocrx_word' id='word_1_156' title='bbox 1106 2452 1215 2526; x_wconf 73' lang='lat' dir='ltr'><strong>referri</strong></span> 
     </span>
     <span class='ocr_line' id='line_1_21' title="bbox 173 2549 1215 2640; baseline 0.007 -26"><span class='ocrx_word' id='word_1_157' title='bbox 173 2569 259 2631; x_wconf 88' lang='lat' dir='ltr'><strong>quam</strong></span> <span class='ocrx_word' id='word_1_158' title='bbox 279 2550 316 2616; x_wconf 89' lang='lat' dir='ltr'><strong>ad</strong></span> <span class='ocrx_word' id='word_1_159' title='bbox 337 2549 590 2636; x_wconf 83' lang='lat' dir='ltr'><strong>Aquiloniam</strong></span> <span class='ocrx_word' id='word_1_160' title='bbox 613 2551 739 2638; x_wconf 83' lang='lat' dir='ltr'><strong>Apuliae</strong></span> <span class='ocrx_word' id='word_1_161' title='bbox 762 2549 1120 2640; x_wconf 78' lang='lat' dir='ltr'><strong>(hodieAcedogna).</strong></span> <span class='ocrx_word' id='word_1_162' title='bbox 1165 2552 1215 2621; x_wconf 78' lang='lat' dir='ltr'><strong>Ea</strong></span> 
     </span>
     <span class='ocr_line' id='line_1_22' title="bbox 171 2653 1215 2743; baseline 0.01 -30"><span class='ocrx_word' id='word_1_163' title='bbox 171 2659 270 2716; x_wconf 84' lang='lat' dir='ltr'><strong>tanuen</strong></span> <span class='ocrx_word' id='word_1_164' title='bbox 286 2653 356 2718; x_wconf 86' lang='lat' dir='ltr'><strong>urbs</strong></span> <span class='ocrx_word' id='word_1_165' title='bbox 370 2654 430 2718; x_wconf 89' lang='lat' dir='ltr'><strong>iam</strong></span> <span class='ocrx_word' id='word_1_166' title='bbox 445 2676 474 2719; x_wconf 87' lang='lat' dir='ltr'><strong>a.</strong></span> <span class='ocrx_word' id='word_1_167' title='bbox 490 2653 554 2721; x_wconf 79' lang='lat'><strong>293</strong></span> <span class='ocrx_word' id='word_1_168' title='bbox 570 2676 678 2720; x_wconf 85' lang='lat' dir='ltr'><strong>eversa</strong></span> <span class='ocrx_word' id='word_1_169' title='bbox 699 2666 745 2720; x_wconf 82' lang='lat' dir='ltr'><strong>est</strong></span> <span class='ocrx_word' id='word_1_170' title='bbox 766 2665 796 2720; x_wconf 82' lang='grc' dir='ltr'><strong>ει</strong></span> <span class='ocrx_word' id='word_1_171' title='bbox 816 2653 970 2721; x_wconf 75' lang='lat' dir='ltr'><strong>combusta</strong></span> <span class='ocrx_word' id='word_1_172' title='bbox 978 2662 1019 2738; x_wconf 84' lang='lat'><strong>⁴).</strong></span> <span class='ocrx_word' id='word_1_173' title='bbox 1056 2656 1127 2722; x_wconf 89' lang='lat' dir='ltr'><strong>Nec</strong></span> <span class='ocrx_word' id='word_1_174' title='bbox 1146 2676 1215 2743; x_wconf 79' lang='lat' dir='ltr'><strong>pen·</strong></span> 
     </span>
     <span class='ocr_line' id='line_1_23' title="bbox 173 2753 1216 2840; baseline 0.01 -25"><span class='ocrx_word' id='word_1_175' title='bbox 173 2753 261 2817; x_wconf 77' lang='lat' dir='ltr'><strong>miano</strong></span> <span class='ocrx_word' id='word_1_176' title='bbox 277 2776 461 2820; x_wconf 85' lang='lat' dir='ltr'><strong>nummorum</strong></span> <span class='ocrx_word' id='word_1_177' title='bbox 476 2758 572 2836; x_wconf 79' lang='lat' dir='ltr'><strong>stilus,</strong></span> <span class='ocrx_word' id='word_1_178' title='bbox 597 2768 630 2822; x_wconf 79' lang='lat' dir='ltr'><strong>ul</strong></span> <span class='ocrx_word' id='word_1_179' title='bbox 644 2757 825 2840; x_wconf 80' lang='lat' dir='ltr'><strong>antiquiores</strong></span> <span class='ocrx_word' id='word_1_180' title='bbox 840 2776 907 2821; x_wconf 88' lang='lat' dir='ltr'><strong>esse</strong></span> <span class='ocrx_word' id='word_1_181' title='bbox 922 2768 1098 2824; x_wconf 77' lang='lat' dir='ltr'><strong>statuamus.</strong></span> <span class='ocrx_word' id='word_1_182' title='bbox 1129 2757 1216 2824; x_wconf 76' lang='lat' dir='ltr'><strong>Tan·</strong></span> 
     </span>
    </p>
   </div>
   <div class='ocr_carea' id='block_1_8' title="bbox 65 2854 1216 2950">
    <p class='ocr_par' dir='ltr' id='par_1_8' title="bbox 65 2854 1216 2950">
     <span class='ocr_line' id='line_1_24' title="bbox 65 2854 1216 2950; baseline 0.01 -34"><span class='ocrx_word' id='word_1_183' title='bbox 65 2934 72 2950; x_wconf 40' lang='lat'><strong><em>¹</em></strong></span> <span class='ocrx_word' id='word_1_184' title='bbox 174 2857 322 2920; x_wconf 79' lang='lat' dir='ltr'><strong>tummodo</strong></span> <span class='ocrx_word' id='word_1_185' title='bbox 337 2858 454 2942; x_wconf 86' lang='lat' dir='ltr'><strong>globulo</strong></span> <span class='ocrx_word' id='word_1_186' title='bbox 470 2860 507 2922; x_wconf 93' lang='lat' dir='ltr'><strong>ad</strong></span> <span class='ocrx_word' id='word_1_187' title='bbox 524 2857 657 2942; x_wconf 84' lang='lat' dir='ltr'><strong>Capuae,</strong></span> <span class='ocrx_word' id='word_1_188' title='bbox 674 2859 803 2936; x_wconf 72' lang='lat' dir='ltr'><strong>Atellae,</strong></span> <span class='ocrx_word' id='word_1_189' title='bbox 829 2854 964 2939; x_wconf 69' lang='lat' dir='ltr'><strong>Calatiae</strong></span> <span class='ocrx_word' id='word_1_190' title='bbox 979 2881 1113 2926; x_wconf 85' lang='lat' dir='ltr'><strong>nummos</strong></span> <span class='ocrx_word' id='word_1_191' title='bbox 1128 2880 1216 2927; x_wconf 54' lang='lat' dir='ltr'><strong>acce*</strong></span> 
     </span>
    </p>
   </div>
   <div class='ocr_carea' id='block_1_9' title="bbox 173 2955 1214 3051">
    <p class='ocr_par' dir='ltr' id='par_1_9' title="bbox 173 2955 1214 3051">
     <span class='ocr_line' id='line_1_25' title="bbox 173 2955 1214 3051; baseline 0.012 -34"><span class='ocrx_word' id='word_1_192' title='bbox 173 2955 264 3036; x_wconf 66' lang='lat' dir='ltr'><strong>nunc,</strong></span> <span class='ocrx_word' id='word_1_193' title='bbox 280 2958 393 3041; x_wconf 90' lang='lat' dir='ltr'><strong>reliqna</strong></span> <span class='ocrx_word' id='word_1_194' title='bbox 408 2960 471 3022; x_wconf 86' lang='lat' dir='ltr'><strong>lere</strong></span> <span class='ocrx_word' id='word_1_195' title='bbox 487 2961 586 3024; x_wconf 89' lang='lat' dir='ltr'><strong>omnia</strong></span> <span class='ocrx_word' id='word_1_196' title='bbox 601 2959 780 3024; x_wconf 78' lang='lat' dir='ltr'><strong>conveniunt</strong></span> <span class='ocrx_word' id='word_1_197' title='bbox 795 2980 860 3022; x_wconf 90' lang='lat' dir='ltr'><strong>oum</strong></span> <span class='ocrx_word' id='word_1_198' title='bbox 867 2958 983 3040; x_wconf 86' lang='lat' dir='ltr'><strong>Teano,</strong></span> <span class='ocrx_word' id='word_1_199' title='bbox 1002 2958 1137 3042; x_wconf 85' lang='lat' dir='ltr'><strong>Calibus,</strong></span> <span class='ocrx_word' id='word_1_200' title='bbox 1154 2962 1214 3051; x_wconf 62' lang='lat' dir='ltr'><strong>cet}</strong></span> 
     </span>
    </p>
   </div>
   <div class='ocr_carea' id='block_1_10' title="bbox 493 3156 896 3231">
    <p class='ocr_par' dir='ltr' id='par_1_10' title="bbox 493 3156 896 3231">
     <span class='ocr_line' id='line_1_26' title="bbox 493 3156 896 3231; baseline 0 0"><span class='ocrx_word' id='word_1_201' title='bbox 493 3156 896 3231; x_wconf 79' lang='lat' dir='ltr'><strong>Samnium.</strong></span> 
     </span>
    </p>
   </div>
   <div class='ocr_carea' id='block_1_11' title="bbox 174 3304 1247 3622">
    <p class='ocr_par' dir='ltr' id='par_1_11' title="bbox 174 3304 1247 3622">
     <span class='ocr_line' id='line_1_27' title="bbox 257 3304 1216 3423; baseline 0.01 -35"><span class='ocrx_word' id='word_1_202' title='bbox 257 3324 454 3394; x_wconf 83' lang='lat' dir='ltr'><strong>Aesernia</strong></span> <span class='ocrx_word' id='word_1_203' title='bbox 483 3331 589 3397; x_wconf 79' lang='lat' dir='ltr'><strong>mullos</strong></span> <span class='ocrx_word' id='word_1_204' title='bbox 620 3329 707 3394; x_wconf 82' lang='lat' dir='ltr'><strong>habel</strong></span> <span class='ocrx_word' id='word_1_205' title='bbox 735 3353 870 3397; x_wconf 90' lang='lat' dir='ltr'><strong>nummos</strong></span> <span class='ocrx_word' id='word_1_206' title='bbox 892 3353 1022 3414; x_wconf 88' lang='lat' dir='ltr'><strong>aeneos,</strong></span> <span class='ocrx_word' id='word_1_207' title='bbox 1061 3332 1110 3418; x_wconf 92' lang='lat' dir='ltr'><strong>qui</strong></span> <span class='ocrx_word' id='word_1_208' title='bbox 1130 3304 1216 3423; x_wconf 63' lang='lat' dir='ltr'><strong>stilo,</strong></span> 
     </span>
     <span class='ocr_line' id='line_1_28' title="bbox 174 3428 1247 3518; baseline 0.011 -29"><span class='ocrx_word' id='word_1_209' title='bbox 174 3428 337 3511; x_wconf 79' lang='lat' dir='ltr'><strong>scriptura,</strong></span> <span class='ocrx_word' id='word_1_210' title='bbox 362 3428 462 3515; x_wconf 86' lang='lat' dir='ltr'><strong>lingua</strong></span> <span class='ocrx_word' id='word_1_211' title='bbox 477 3433 651 3518; x_wconf 86' lang='lat' dir='ltr'><strong>epigraphes</strong></span> <span class='ocrx_word' id='word_1_212' title='bbox 667 3433 704 3496; x_wconf 91' lang='lat' dir='ltr'><strong>ad</strong></span> <span class='ocrx_word' id='word_1_213' title='bbox 720 3455 854 3498; x_wconf 88' lang='lat' dir='ltr'><strong>nummos</strong></span> <span class='ocrx_word' id='word_1_214' title='bbox 870 3431 998 3514; x_wconf 79' lang='lat' dir='ltr'><strong>Galium,</strong></span> <span class='ocrx_word' id='word_1_215' title='bbox 1021 3433 1128 3515; x_wconf 84' lang='lat' dir='ltr'><strong>Teani,</strong></span> <span class='ocrx_word' id='word_1_216' title='bbox 1153 3445 1214 3500; x_wconf 87' lang='grc' dir='ltr'><strong>εει.</strong></span> <span class='ocrx_word' id='word_1_217' title='bbox 1237 3436 1247 3448; x_wconf 81' lang='lat'>‘</span> 
     </span>
     <span class='ocr_line' id='line_1_29' title="bbox 174 3531 1220 3622; baseline 0.009 -29"><span class='ocrx_word' id='word_1_218' title='bbox 174 3531 307 3613; x_wconf 84' lang='lat' dir='ltr'><strong>proxime</strong></span> <span class='ocrx_word' id='word_1_219' title='bbox 323 3534 477 3597; x_wconf 77' lang='lat' dir='ltr'><strong>accedunt.</strong></span> <span class='ocrx_word' id='word_1_220' title='bbox 508 3533 567 3599; x_wconf 83' lang='lat' dir='ltr'><strong>Esl</strong></span> <span class='ocrx_word' id='word_1_221' title='bbox 579 3535 611 3598; x_wconf 84' lang='lat' dir='ltr'><strong>ln</strong></span> <span class='ocrx_word' id='word_1_222' title='bbox 633 3534 670 3599; x_wconf 83' lang='lat' dir='ltr'><strong>iis</strong></span> <span class='ocrx_word' id='word_1_223' title='bbox 685 3536 793 3620; x_wconf 78' lang='lat' dir='ltr'><strong>Apollo</strong></span> <span class='ocrx_word' id='word_1_224' title='bbox 815 3546 845 3599; x_wconf 85' lang='grc' dir='ltr'><strong>ει</strong></span> <span class='ocrx_word' id='word_1_225' title='bbox 865 3536 898 3600; x_wconf 89' lang='lat' dir='ltr'><strong>in</strong></span> <span class='ocrx_word' id='word_1_226' title='bbox 920 3537 1013 3602; x_wconf 81' lang='lat' dir='ltr'><strong>altera</strong></span> <span class='ocrx_word' id='word_1_227' title='bbox 1033 3548 1120 3622; x_wconf 80' lang='lat' dir='ltr'><strong>paule</strong></span> <span class='ocrx_word' id='word_1_228' title='bbox 1130 3534 1220 3602; x_wconf 56' lang='lat' dir='ltr'><strong>Tau*</strong></span> 
     </span>
    </p>
   </div>
   <div class='ocr_carea' id='block_1_12' title="bbox 244 3787 933 3942">
    <p class='ocr_par' dir='ltr' id='par_1_12' title="bbox 244 3787 933 3942">
     <span class='ocr_line' id='line_1_30' title="bbox 244 3787 933 3858; baseline 0.003 -20"><span class='ocrx_word' id='word_1_229' title='bbox 244 3788 268 3850; x_wconf 84' lang='lat' dir='ltr'><strong>l)</strong></span> <span class='ocrx_word' id='word_1_230' title='bbox 287 3787 403 3841; x_wconf 77' lang='lat' dir='ltr'><strong>Iliseorsi</strong></span> <span class='ocrx_word' id='word_1_231' title='bbox 423 3789 491 3840; x_wconf 82' lang='lat' dir='ltr'><strong>della</strong></span> <span class='ocrx_word' id='word_1_232' title='bbox 511 3789 598 3858; x_wconf 76' lang='lat' dir='ltr'><strong>(lump.</strong></span> <span class='ocrx_word' id='word_1_233' title='bbox 620 3793 664 3844; x_wconf 81' lang='lat' dir='ltr'><strong>fal.</strong></span> <span class='ocrx_word' id='word_1_234' title='bbox 685 3800 745 3843; x_wconf 77' lang='lat' dir='ltr'><strong>tom.</strong></span> <span class='ocrx_word' id='word_1_235' title='bbox 768 3792 788 3844; x_wconf 88' lang='lat'><strong>1.</strong></span> <span class='ocrx_word' id='word_1_236' title='bbox 808 3791 878 3844; x_wconf 87' lang='lat' dir='ltr'><strong>Disc.</strong></span> <span class='ocrx_word' id='word_1_237' title='bbox 900 3792 933 3845; x_wconf 88' lang='lat' dir='ltr'><strong>ll.</strong></span> 
     </span>
     <span class='ocr_line' id='line_1_31' title="bbox 244 3873 536 3942; baseline 0.017 -20"><span class='ocrx_word' id='word_1_238' title='bbox 244 3873 267 3935; x_wconf 82' lang='lat' dir='ltr'><strong>l)</strong></span> <span class='ocrx_word' id='word_1_239' title='bbox 286 3873 317 3923; x_wconf 84' lang='grc'><strong>1).</strong></span> <span class='ocrx_word' id='word_1_240' title='bbox 337 3873 368 3926; x_wconf 90' lang='lat' dir='ltr'><strong>N.</strong></span> <span class='ocrx_word' id='word_1_241' title='bbox 390 3873 411 3925; x_wconf 93' lang='lat'><strong>1.</strong></span> <span class='ocrx_word' id='word_1_242' title='bbox 431 3892 456 3942; x_wconf 91' lang='lat' dir='ltr'><strong>p.</strong></span> <span class='ocrx_word' id='word_1_243' title='bbox 478 3875 536 3928; x_wconf 83' lang='lat'>140.</span> 
     </span>
    </p>
   </div>
   <div class='ocr_carea' id='block_1_13' title="bbox 243 3956 1107 4102">
    <p class='ocr_par' dir='ltr' id='par_1_13' title="bbox 243 3956 1107 4102">
     <span class='ocr_line' id='line_1_32' title="bbox 244 3956 1107 4031; baseline 0.013 -24"><span class='ocrx_word' id='word_1_244' title='bbox 244 3956 270 4018; x_wconf 76' lang='lat'><strong>3)</strong></span> <span class='ocrx_word' id='word_1_245' title='bbox 291 3957 349 4010; x_wconf 82' lang='lat' dir='ltr'><strong>llol.</strong></span> <span class='ocrx_word' id='word_1_246' title='bbox 370 3968 424 4011; x_wconf 84' lang='lat' dir='ltr'><strong>vet.</strong></span> <span class='ocrx_word' id='word_1_247' title='bbox 445 3961 665 4014; x_wconf 68' lang='lat' dir='ltr'><strong>cuniculinas.</strong></span> <span class='ocrx_word' id='word_1_248' title='bbox 687 3961 732 4014; x_wconf 87' lang='lat' dir='ltr'><strong>lll.</strong></span> <span class='ocrx_word' id='word_1_249' title='bbox 753 3979 778 4030; x_wconf 91' lang='lat' dir='ltr'><strong>p.</strong></span> <span class='ocrx_word' id='word_1_250' title='bbox 797 3962 840 4016; x_wconf 74' lang='lat'><strong>47.</strong></span> <span class='ocrx_word' id='word_1_251' title='bbox 861 3964 986 4016; x_wconf 78' lang='lat' dir='ltr'><strong>Addendo</strong></span> <span class='ocrx_word' id='word_1_252' title='bbox 1005 3979 1028 4031; x_wconf 84' lang='lat' dir='ltr'><strong>p.</strong></span> <span class='ocrx_word' id='word_1_253' title='bbox 1051 3962 1107 4018; x_wconf 81' lang='lat' dir='ltr'><strong>loi-</strong></span> 
     </span>
     <span class='ocr_line' id='line_1_33' title="bbox 243 4042 460 4102; baseline 0.023 -11"><span class='ocrx_word' id='word_1_254' title='bbox 243 4043 271 4102; x_wconf 81' lang='grc'><strong>4)</strong></span> <span class='ocrx_word' id='word_1_255' title='bbox 288 4042 344 4094; x_wconf 80' lang='lat' dir='ltr'><strong>Liv.</strong></span> <span class='ocrx_word' id='word_1_256' title='bbox 366 4044 400 4095; x_wconf 84' lang='lat' dir='ltr'><strong>X.</strong></span> <span class='ocrx_word' id='word_1_257' title='bbox 420 4047 460 4096; x_wconf 74' lang='lat'><strong>44.</strong></span> 
     </span>
    </p>
   </div>
   <div class='ocr_carea' id='block_1_14' title="bbox 0 0 1396 4754">
    <p class='ocr_par' dir='ltr' id='par_1_14' title="bbox 0 0 1396 4754">
     <span class='ocr_line' id='line_1_34' title="bbox 0 0 1396 4754; baseline 0 0"><span class='ocrx_word' id='word_1_258' title='bbox 0 0 1396 4754; x_wconf 95' lang='lat' dir='ltr'><strong> </strong></span> 
     </span>
    </p>
   </div>
  </div>
 </body>
</html>
