2760 4754
171 279 220 347 δῦ
475 301 714 345 rascerrurortna
730 300 906 344 numme.

172 474 249 541 granc
271 466 377 520 natura
398 456 549 521 abhorret.
587 453 689 520 Verba
709 473 804 521 mec
820 473 938 521 curtes
959 453 1118 518 Etruscum
1130 454 1220 520 illam·

171 566 373 630 incendiorum
395 565 631 650 deprecationem
646 587 664 630 a
678 562 787 643 Plinio,
811 561 905 629 Paulo
919 562 1067 640 Discum,
1091 563 1130 627 al.
1149 563 1217 628 lau-

171 668 270 733 datam
292 689 383 733 areo
402 687 519 733 verse
537 668 560 731 i.
577 687 607 733 e.
623 677 736 732 verte
750 667 878 751 ignem
891 665 923 729 in
936 665 1110 731 memoriam
1122 666 1216 749 relu-

170 797 240 843 cere
254 775 362 841 debere
374 778 510 861 apertum
524 786 581 843 est.
596 773 796 841 PruElrnsco
809 774 899 839 enam
912 774 1036 839 verbnm
1045 769 1217 845 Selltlattl

170 887 273 966 datm
297 898 329 952 at
343 883 471 951 Vulcani
485 897 587 953 notum
600 885 796 952 Etruscorum
811 905 920 950 nomen
933 895 998 951 erat
1014 881 1218 967 Sectam„

169 988 321 1073 inscriptio
342 987 457 1053 scilicet
478 989 558 1075 prius
579 990 645 1054 licta
660 999 726 1053 erat
739 1010 825 1072 quam
839 984 973 1051 Lanzins
989 988 1213 1055 demonstrave-

169 1099 236 1168 rat,
261 1088 391 1155 ultimam
413 1091 498 1154 huius
521 1091 605 1155 vocis
628 1091 755 1155 litteram
777 1111 792 1154 s
814 1108 902 1169 esse3
932 1110 1024 1173 qnare
1043 1089 1210 1169 standator,

170 1190 298 1274 quisine
313 1192 400 1256 dubio
416 1187 615 1258 Sethlanm
632 1191 713 1278 legit,
738 1191 805 1257 huic
820 1192 934 1255 formae
949 1191 1036 1255 nimis
1050 1191 1213 1256 inccmnto-

170 1300 225 1365 dae
248 1300 372 1366 alteram
393 1302 472 1368 haud
494 1301 585 1367 m'ulto
609 1296 752 1387 aptiorem
767 1294 935 1370 Sethlanl
951 1300 1098 1386 praetulit,
1124 1322 1213 1385 quum

169 1410 219 1474 diu
232 1409 292 1475 iam
305 1408 484 1476 innotuisset
497 1412 528 1476 -l
548 1413 786 1477 terminationem
802 1411 985 1495 frequentem
999 1410 1030 1473 in
1043 1408 1214 1495 inscriptio-

169 1512 256 1576 nibus
277 1512 402 1576 etruscis
423 1512 573 1593 inveniri,
598 1534 655 1598 qua
678 1513 713 1578 tle
729 1533 819 1577 cansa
834 1514 959 1577 eandem
972 1513 1213 1578 terminationem

168 1623 286 1707 repetiit
299 1622 330 1685 iu
344 1602 421 1687 voce
435 1618 587 1714 tephrul.
624 1621 673 1687 Eo
689 1630 780 1706 usque
800 1633 918 1687 etrusca
932 1622 1061 1686 auctoris
1077 1621 1215 1687 doctrina

168 1750 235 1796 eunt
250 1728 346 1795 duxit.
383 1728 439 1796 Illo
454 1742 552 1796 antem
568 1742 699 1818 tempore
713 1744 744 1797 et
759 1732 816 1818 ipsi
830 1752 946 1817 proque
960 1728 1078 1797 Lannio
1093 1730 1215 1797 tabulae

166 1832 343 1918 Eugubinae
373 1833 596 1899 celeberrimum
624 1844 710 1899 erant
738 1845 958 1898 monumentum
994 1844 1212 1898 etruscum.

167 1933 270 2020 ltaque
290 1957 351 2000 non
372 1947 420 2000 est
441 1936 565 2015 mnam,
595 1937 673 2021 qnod
695 1956 774 2001 nunc
793 1957 884 2000 voces
901 1935 1047 2000 ambricae
1062 1945 1215 2001 etruscum

129 2052 132 2057 '
168 2066 275 2130 agmen
296 2045 435 2129 excipere
449 2045 546 2110 rides.
576 2045 641 2111 Iam
654 2068 718 2111 vox
737 2040 908 2137 Tepltral,
932 2046 959 2110 si
973 2044 1226 2133 terminationem·

113 2190 115 2197 <
168 2154 295 2239 excipis,
312 2155 457 2239 eugubina
472 2166 530 2236 est,
547 2156 600 2219 sed
614 2155 646 2218 in
660 2155 750 2219 latine
765 2154 921 2219 scribendo
936 2155 1080 2221 vocabulo
1096 2154 1215 2240 gravis·

167 2267 241 2332 sime
256 2265 391 2351 peccavit
405 2277 508 2330 auctor
521 2266 553 2329 in
568 2287 604 2329 eo
616 2265 692 2348 quod
706 2264 835 2330 litteram
847 2273 867 2332 8
881 2265 965 2330 verbi
979 2260 1088 2334 Tefra
1103 2287 1165 2330 non
1178 2278 1215 2333 nt

168 2376 295 2441 debebat
315 2397 369 2460 per
391 2375 414 2450 f,
438 2375 490 2439 sed
505 2385 539 2438 ut
551 2385 700 2440 nostrates
721 2377 821 2440 lacere
840 2375 948 2454 solent,
973 2397 1027 2462 per
1045 2376 1091 2460 ph
1112 2377 1215 2442 reddi·

168 2477 219 2552 tit,
242 2498 330 2560 quam
345 2476 587 2561 compositionem
602 2477 827 2542 consonantium
838 2475 970 2543 Romani
983 2477 1080 2542 serius
1095 2457 1217 2544 demum<

167 2580 197 2643 in
213 2577 331 2664 graccis
346 2577 498 2643 vocabulis
513 2578 705 2664 scripserunt,
728 2600 820 2665 pro-p
836 2599 954 2663 graeco.
990 2576 1078 2665 Ipsae
1093 2579 1214 2646 tabulae

166 2679 343 2767 Eugulinac
366 2679 459 2749 latine
488 2682 616 2767 scriptae
643 2692 811 2746 monstrare
832 2691 970 2766 poterant
990 2691 1106 2766 turpem
1128 2681 1213 2749 illum

165 2813 313 2869 munnam,
335 2812 423 2875 quum
438 2791 524 2855 tlearn
537 2792 617 2856 illam
637 2787 744 2886 Tesre
759 2813 825 2856 cnm
839 2793 855 2854 f
865 2792 1042 2858 scriberent.
1074 2788 1215 2878 Seqnum

145 2921 214 2997 ,tur
237 2908 401 2974 voeabulaz
439 2929 507 3000 ope
533 2915 667 2976 temne
689 2907 796 3001 polest
820 2914 914 2998 catu,
945 2930 1022 2995 prae
1050 2910 1213 2998 Engunina

107 3008 113 3025 ⁸
166 3044 257 3119 ape,
285 3020 483 3116 munio,
514 3024 622 3127 paseat
646 3033 716 3093 ecto
743 3018 850 3124 (estu)
879 3027 1052 3110 imitantur,
1087 3041 1118 3096 et
1142 3030 1211 3097 lere

165 3145 265 3239 omnia
292 3144 325 3209 in
352 3136 467 3231 postica
495 3144 613 3212 tabulae
633 3140 692 3211 VI.
722 3146 927 3259 reperiuntur,
960 3146 1010 3213 nbi
1032 3149 1122 3215 etiam
1141 3136 1217 3243 ἀ’ῥὸ

166 3244 351 3332 meme
373 3264 477 3329 eodem
498 3248 602 3331 ordine
624 3286 658 3332 se
680 3266 843 3361 excipiunt.
879 3248 1083 3335 Nihilominus
1105 3279 1212 3335 auctor

166 3374 278 3440 fraudis
300 3384 458 3454 etruscern,
482 3397 544 3445 non
562 3376 723 3461 cimbricam
744 3399 920 3465 componere
934 3378 1050 3451 voluit
1040 3379 1210 3464 inscriptio·

166 3497 252 3553 nem,
285 3475 316 3541 id
345 3476 422 3560 qnod
451 3487 572 3565 apparet
601 3500 643 3545 ex
670 3480 737 3557 loco
766 3481 816 3551 ubi
843 3491 991 3566 repertam
1012 3501 1081 3549 esse
1100 3481 1208 3561 linxit3

166 3590 354 3645 etruscum
369 3579 447 3644 enim
461 3579 604 3646 indicavit
619 3582 721 3647 urbem
737 3579 911 3647 Cortonam.

581 3898 787 3914 —t-n-—n—e-b—n-
803 3908 806 3913 .
