2760 4754
206 308 241 354 Ἦ
627 304 820 350 umento.

207 455 409 521 collectionem
431 452 680 539 disquisitionibus
702 454 739 518 de
760 450 901 518 Italorum
921 463 1055 518 veterum
1077 427 1250 540 palaeogra·
1282 489 1285 499 ·

206 592 273 677 pbia
288 589 475 655 instituendis
489 609 543 674 pro
558 590 748 654 itmdamento
763 591 828 654 iore
843 587 915 652 satis
930 589 1027 652 firmo.
1070 587 1107 654 In
1121 590 1249 655 tabulam

205 721 332 790 XXXI.
357 724 578 811 alphabetorum
598 723 722 789 umbrici
743 735 774 788 et
803 725 866 788 osci
888 725 999 788 formas
1020 700 1188 823 potissimas
1210 722 1269 790 ex‘

205 861 401 926 monumentis
415 861 537 939 contuli,
561 859 705 926 adiunctis
727 859 814 925 simul
832 858 997 944 alphabetis
1016 869 1135 924 etrusco
1156 872 1188 924 et
1208 861 1251 924 la·
1313 846 1316 852 ’

118 990 123 996 ’
207 997 286 1075 duo,
310 996 396 1081 quale
419 996 449 1060 id
479 994 594 1079 quidem
614 995 652 1059 ab
673 992 795 1061 Umbris
825 1005 856 1059 et
878 991 1093 1093 Oscispartim
1112 995 1251 1060 usitatum

207 1131 273 1196 luit.

290 1264 396 1332 Tertia
424 1285 494 1350 pars
521 1277 582 1331 tres
604 1266 717 1331 indices
743 1266 964 1353 complentium,
995 1248 1128 1350 quorum
1140 1265 1250 1350 primus

204 1420 296 1467 voces
310 1395 481 1481 Umbricas,
505 1401 581 1465 alter
594 1397 692 1466 (isoes
711 1410 860 1479 recenset,
884 1399 985 1484 quales
1002 1401 1034 1464 iu
1053 1401 1250 1471 monumentis

199 1536 363 1622 ‘legunturg
387 1534 506 1599 ultimus
535 1552 588 1599 eas
608 1553 719 1614 voces,
743 1555 816 1618 quas
839 1536 1001 1620 scriptores
1020 1527 1072 1599 uni
1093 1535 1143 1599 vel
1163 1535 1251 1600 alteri

205 1669 324 1754 liuguae
339 1669 491 1748 tribuunt,
513 1668 591 1733 inter
605 1689 678 1754 quas
694 1670 781 1733 etiam
802 1668 976 1752 recepimus
990 1668 1027 1732 ub
1050 1668 1156 1735 iisdem
1177 1669 1252 1734 sori·

203 1802 337 1889 ptoribus
351 1815 393 1868 ex
414 1804 478 1868 aliis
493 1804 600 1888 linguis
615 1805 665 1868 uel
686 1803 817 1868 dialectis
832 1801 1061 1868 veteris-ltaliae
1077 1813 1108 1867 et
1120 1798 1250 1869 maxime

206 1951 254 2004 ex'
268 1934 382 2004 Sabina
402 1937 501 2023 lingua
529 1939 689 2003 exhibitas.
734 1933 794 2002 Pro
822 1930 908 2002 certo
931 1939 1010 2002 enim
1038 1939 1196 2017 babemus,
1218 1940 1250 2002 in

201 2073 281 2138 'duas
293 2081 407 2138 tantum
418 2094 541 2157 magnas
556 2084 684 2157 partes,
702 2073 778 2154 quod
794 2071 830 2135 ad
852 2073 970 2156 linguas
991 2064 1112 2151 attinet,
1134 2068 1250 2138 Italiam

207 2209 277 2274 olim
289 2209 414 2274 divisam
436 2209 538 2286 fuisse,
563 2227 652 2271 uuam
673 2205 946 2289 septentrionalem,
970 2225 1045 2288 quae
1060 2217 1129 2273 ante
1143 2207 1251 2273 Etrus·

202 2368 259 2412 ‘cos
281 2342 396 2411 aPado
416 2346 453 2409 ad
474 2341 606 2407 'biberim
626 2337 854 2404 Umbrorum
873 2340 946 2420 luit,
969 2341 1092 2407 alteram
1112 2342 1250 2408 meridio-

84 2476 87 2480 ’
208 2481 325 2562 nalem,
349 2501 424 2566 quae
447 2481 485 2545 ad
510 2479 643 2543 ultimum
664 2464 812 2541 Bruttium
836 2492 948 2560 usque,
979 2477 1115 2562 exceptis
1135 2488 1248 2550 tantum

208 2613 391 2683 Graecorum
412 2615 547 2694 coloniis,
570 2613 684 2700 populis
703 2607 807 2677 Osce
826 2611 1013 2696 loquentibus
1032 2612 1164 2677 subiecta
1182 2614 1248 2678 luit.

207 2749 242 2816 ld
257 2770 331 2817 vero
353 2747 603 2816 demonstratione
621 2748 676 2813 vix
689 2757 768 2831 eget,
792 2736 824 2812 iu
846 2745 980 2814 confiniis
1001 2734 1104 2813 barum
1126 2749 1249 2815 duarum

205 2886 344 2971 partium,
368 2904 444 2968 quae
458 2884 583 2947 interae
597 2900 701 2946 rursus
722 2893 808 2946 crant
829 2893 985 2965 cognatae,
1010 2896 1115 2966 gantas
1137 2895 1168 2948 et
1188 2884 1250 2948 dia-

207 3023 301 3088 lectos
316 3017 481 3097 exstitisse,
504 3037 579 3102 quae
602 3011 686 3100 quasi
706 3018 862 3081 transitum
885 3017 1048 3081 formarent
1069 3037 1110 3082 ex
1130 3038 1191 3082 uua
1212 3020 1249 3082 ad

115 3219 117 3224 ,
207 3156 342 3243 alteram.
371 3152 405 3217 Id
420 3152 497 3236 quod
511 3151 641 3216 maxime
656 3153 734 3217 cadit
754 3153 785 3216 iu
802 3149 993 3232 Sabinos,
1017 3174 1091 3236 quos
1110 3154 1175 3237 ipse
1190 3151 1249 3216 Ze·

207 3292 333 3356 nodotus
348 3286 545 3367 Troezenius,
568 3309 668 3352 rerum
689 3287 885 3352 umbricarum
906 3290 1050 3374 scriptor,
1075 3287 1249 3353 umbrica

160 3410 162 3415 ¹
207 3424 298 3510 stirpe
313 3421 451 3488 oriundos
466 3433 570 3507 postea
584 3423 700 3487 demum
714 3439 800 3488 suum
816 3424 966 3508 accepisse
986 3443 1095 3488 nomen
1111 3422 1245 3499 affirmat,

206 3577 294 3644 quum
315 3556 419 3624 trusus
436 3553 586 3622 Samnites
609 3555 785 3624 ex.Sabinis
808 3558 924 3626 oriundi
945 3578 1037 3622 osca
1059 3556 1248 3639 loquerentur

199 3694 306 3778 ⁴liugua
327 3702 358 3757 et
376 3692 501 3777 plurima
522 3712 597 3776 quae
616 3703 756 3778 tauquam
778 3689 957 3766 Sabinorum
972 3692 1138 3758 laudantur
1158 3710 1248 3757 voca·

180 3823 290 3913 'bula,
303 3878 305 3883 .
318 3827 406 3891 simul
426 3846 522 3892 osca
548 3828 618 3892 siut.
656 3826 795 3913 Inprimis
808 3848 884 3893 vcro
904 3826 1020 3911 priscae
1041 3828 1160 3912 liuguae
1181 3827 1248 3892 lati·

203 3973 261 4025 nae
275 3961 440 4026 arctissime
463 3961 620 4027 coniuncta
640 3965 732 4029 luisse
748 3965 866 4030 videtur
880 3963 994 4040 sabina,
1019 3964 1060 4027 ita
1081 3975 1114 4028 ut
1135 3962 1246 4046 saepis-
