2760 4754
436 368 444 374 2-
512 349 726 393 ⁴r'runrcunuu
745 348 861 393 uuam.
875 325 889 329 ”
1139 327 1206 397 ltili

169 500 276 584 legitur
293 496 386 570 Γάϊος
404 495 559 570 Ἀπώνιος
580 495 726 570 Mirator,
744 497 792 580 qui
807 517 892 560 error
907 496 1042 562 ecdicum·
1060 516 1101 560 ex
1124 508 1206 560 num-
1314 484 1317 491 ¹

169 601 327 666 misdebet
341 600 461 684 corrigi
668 622 670 632 ·
697 653 701 658 .
894 653 896 657 ,
1171 642 1174 657 ,

254 713 288 776 4.
312 710 347 776 ln
370 711 495 775 numnris
517 685 646 774 eiusderh
668 732 732 774 eum
754 710 899 795 prioribus
918 709 980 773 stili
999 710 1125 793 legitura
1155 701 1187 774 G

168 826 276 922 Paapi
303 823 349 896 G.
378 824 481 896 lllutil
508 822 686 895 embratur
699 826 784 913 ’(Νο.
801 827 892 917 44),
908 829 930 891 i.
948 831 979 891 ε.
1002 825 1118 891 Gaius
1139 824 1206 891 Pa-

168 941 255 1024 pius
277 939 367 1005 Gaii
388 940 497 1003 filius
520 936 688 1002 Mutilus
709 939 935 1022 imperatur.
980 934 1028 1000 Ea
1047 936 1206 1022 epigraphe

168 1026 288 1107 induas
302 1053 401 1128 partes
417 1042 511 1106 divisa
527 1053 583 1104 est.
618 1039 654 1105 ln
667 1062 728 1130 una
740 1060 845 1104 rursus
860 1039 987 1103 foederis
1001 1040 1075 1106 ritus
1090 1050 1220 1123 speeta-¹

169 1156 228 1223 tur,
252 1144 305 1208 sed
326 1144 387 1207 bini
408 1156 519 1208 tantum
542 1155 612 1207 sunt
631 1145 738 1208 milites
760 1165 813 1228 pro
836 1142 967 1221 eutonis3
990 1142 1038 1225 qui
1060 1141 1120 1205 hini
1145 1142 1206 1207 iur-

119 1284 123 1293 ι
168 1259 249 1311 tasse
272 1243 422 1310 Samnites
443 1257 669 1340 repraesentant
690 1256 720 1310 et
740 1243 880 1322 Marsus,
911 1243 1087 1328 quippe-qui
1108 1242 1205 1326 populi

168 1361 269 1414 essent
283 1349 439 1434 principes.
468 1345 613 1413 In‘altera
626 1359 709 1432 parte
725 1359 810 1432 caput
825 1347 951 1411 habetur
964 1347 1119 1430 galeatum.
1141 1343 1205 1408 Du-¹

168 1453 211 1517 eis
227 1453 341 1536 quidem
356 1452 453 1535 imago
469 1451 516 1514 hie
530 1472 591 1515 nun
605 1461 652 1514 est
666 1451 750 1528 lieta3
767 1460 854 1533 eaput
868 1460 914 1513 est
927 1448 1067 1528 iuvenile,
1085 1447 1138 1511 sed
1152 1447 1206 1510 vin

167 1555 310 1618 mulieris.
339 1550 454 1635 Quodsi
466 1575 501 1618 re
515 1574 589 1617 vera
600 1563 725 1625 ‘uun-est
737 1548 880 1630 mulieris,
904 1572 958 1635 pro
972 1548 1080 1631 Martis
1096 1548 1205 1636 hahuef

168 1656 224 1729 rim
240 1656 346 1740 eapite.
422 1733 424 1735 g
696 1662 699 1665 ’

173 1803 196 1835 s
255 1755 394 1841 Ceterum
416 1779 533 1843 *murem
562 1779 681 1833 oscum,
717 1778 759 1822 ex
780 1779 837 1840 quo
860 1755 951 1840 patris
973 1775 1081 1818 numen
1108 1753 1205 1818 littera
1285 1827 1286 1831 η

167 1861 272 1925 initiali
294 1861 358 1925 sula
380 1859 566 1938 indicabant,
597 1880 639 1923 ex
659 1857 750 1923 titulis
767 1856 960 1944 ⁴Pompeianis
983 1857 1132 1941 cognitum
1153 1854 1205 1918 ha·

168 1964 279 2028 bemus.
707 2013 709 2018 .
984 2018 988 2025 .

225 2089 285 2154 15.
306 2088 405 2154 Ambo
427 2087 566 2154 Dioscuri
588 2089 671 2172 equis
691 2088 788 2167 vecu3
815 2088 924 2163 ‘infraa
948 2080 1005 2161 G,
1021 2082 1130 2178 Paapi
1156 2079 1207 2167 G,

104 2199 109 2206 ⁹
167 2212 197 2295 )(
216 2207 317 2294 Capu
336 2209 482 2293 galeatum
496 2228 562 2271 eum
578 2229 649 2273 osea
663 2207 822 2293 epigraphe
837 2199 942 2275 Mutss
956 2205 1035 2290 (No.
1050 2203 1105 2272 45.
1122 2204 1204 2284 47.).

167 2319 208 2389 ln.
218 2307 264 2394 his
280 2331 367 2404 eaput
380 2319 520 2383 muliebre
535 2319 676 2402 probatur
689 2329 806 2400 torque,
824 2316 988 2396 inauribus,
1004 2316 1101 2401 longis
1116 2317 1205 2401 capil-

168 2424 217 2504 lis,
233 2432 409 2507 quapropter
423 2419 525 2486 ltaliae
540 2441 608 2486 esse
622 2431 733 2485 statuo.
753 2417 919 2485 Continuat
932 2420 1205 2495 sententiamnun

167 2555 233 2599 mus
255 2533 385 2596 eiusdem
408 2531 470 2616 typi
490 2530 575 2608 alius,
597 2531 629 2593 in
652 2552 708 2613 quo
728 2552 783 2614 pru
796 2524 900 2598 Mutss
915 2531 968 2594 suh
990 2531 1085 2615 eapite
1098 2531 1207 2616 legitur

168 2642 286 2707 ltalia
299 2641 390 2705 latine
400 2639 540 2723 seriptum
549 2639 717 2723 (Noun).
732 2640 893 2706 Praeterea
903 2642 935 2705 in
949 2651 1072 2723 unoque
1087 2662 1206 2712 nummu

170 2765 246 2830 pone
268 2753 355 2833 caput
374 2763 483 2806 corona
498 2743 640 2807 victoriae
655 2743 739 2808 testis
754 2765 899 2829 expressa
913 2753 970 2821 est,
995 2763 1081 2826 qnam
1096 2742 1206 2827 imponi

169 2847 200 2910 in
221 2845 286 2909 aliis
308 2844 357 2908 vel
377 2845 436 2909 iam
457 2844 623 2928 impositam
638 2846 774 2911 vidimus.
800 2842 861 2910 Sed
876 2846 965 2909 multa
981 2845 1067 2908 simul
1083 2866 1206 2910 euncur·

108 2946 110 2952 ’
167 2959 247 3026 runt,
272 2967 346 3031 quae
362 2945 478 3015 dnhianr
491 2948 578 3017 huius
591 2949 704 3017 namuri
716 2949 949 3022 fitemtfaeianu„
965 2945 1100 3022 ¹Primum
1122 2970 1206 3033 pror·

167 3073 218 3116 sus
241 3061 288 3115 est
301 3049 474 3129 inauditum,
498 3051 529 3113 in
551 3062 673 3136 utraque
689 3053 820 3117 eiusdem
835 3051 945 3115 nummi
960 3062 1043 3136 parte
1059 3052 1205 3115 diversam

163 3159 234 3238 'esse
250 3151 440 3236 epigraphen,
464 3161 497 3214 ut
511 3151 559 3216 hic
574 3142 645 3224 osca
660 3164 707 3218 εει
719 3164 750 3218 ει
762 3174 895 3218 romana.
923 3151 1042 3231 Deinde.
1053 3153 1138 3237 galea
1153 3153 1205 3215 ha-

166 3258 217 3320 het
239 3255 270 3318 in
293 3276 349 3336 quc
372 3253 524 3333 offendas3
548 3274 585 3318 ea
598 3251 706 3318 Martis
728 3255 830 3320 similis
852 3247 897 3320 est
912 3256 1027 3340 galeae,
1052 3257 1105 3319 sed
1118 3253 1206 3319 ltalia
1234 3273 1238 3288 ι

166 3359 198 3423 in
219 3355 340 3437 reliquis
362 3355 488 3418 nummis
511 3376 622 3418 corona
634 3359 834 3421 tantummodo
849 3369 982 3421 ornatur.
1020 3355 1094 3421 Non
1109 3356 1205 3420 minus

166 3459 242 3523 mira
263 3467 310 3520 εει
331 3456 403 3519 artis
431 3455 529 3538 aliqua
549 3476 620 3539 prae
643 3457 748 3522 ceteris
771 3459 912 3543 perfectio
933 3460 964 3521 in
987 3458 1042 3523 hue
1069 3459 1205 3540 exemplo

168 3561 324 3645 conspicua
341 3569 427 3642 atque
443 3557 602 3642 epigraphe
616 3558 760 3647 mutilata,
771 3621 773 3625 ,
784 3582 873 3643 quum
887 3557 1050 3623 Mutilus
1065 3559 1096 3621 in
1111 3559 1205 3622 alteru

167 3685 287 3727 nummu
308 3681 430 3745 prorsus
450 3650 544 3738 desit,
568 3661 600 3724 in
620 3660 712 3725 altero
734 3672 814 3725 certe
829 3663 960 3726 solemne
977 3661 1204 3726 additamentum

167 3765 380 3848 imperator
400 3784 461 3826 nun
480 3760 606 3846 legatur,
637 3760 784 3847 Denique,
809 3764 885 3848 quud
900 3762 987 3849 lunge
1003 3773 1050 3828 εει
1063 3747 1217 3846 gravissi(

168 3887 263 3944 mum,
300 3884 436 3930 nummus
463 3863 495 3928 iu
522 3875 646 3950 utraque
673 3877 755 3952 parte
778 3867 998 3932 accuratissime
1020 3887 1087 3931 eum
1108 3865 1205 3950 gentis

169 3965 311 4032 Serviliae
331 3987 472 4032 romanae
494 3967 619 4033 nummis
635 3969 781 4054 congruit.
816 3968 865 4034 Ea
879 3969 1036 4061 similitudo
1049 3967 1110 4037 iam
1123 3966 1206 4036 ltcu-
1250 3981 1256 3989 '
