2760 4754
220 298 267 362 1111
295 375 298 379 ,
523 317 765 362 mesammones
786 315 962 360 numnam.

221 466 360 551 suspendi
373 476 405 529 et
418 463 606 529 circumverti
621 474 753 547 possent.
777 460 845 526 Hae
858 481 944 541 voro,
961 461 994 525 in
1008 460 1111 544 quibus
1126 461 1267 527 notandis

220 589 299 644 nuno
320 587 476 631 versamur
494 586 577 629 muro
593 565 709 628 adfixae
726 565 817 628 tuisse
831 562 980 641 videntur,
1005 562 1109 647 quippe
1125 583 1199 646 quae
1215 585 1267 628 su-

220 689 273 752 pra
295 680 326 731 et
346 659 436 746 inira,
461 667 549 731 tertia
568 667 600 729 iu
620 667 737 742 dextro,
765 675 869 747 quarta
883 664 914 726 in
930 665 1051 727 sinistro
1067 666 1171 742 latere,
1196 685 1266 749 spa-

219 769 261 832 tia
275 769 381 831 litteris
396 790 493 832 vacua
512 768 674 832 exhibeant
689 766 725 828 ad
740 786 807 827 eum
822 766 920 844 finem,
945 775 977 827 ut
991 754 1126 848 pess‘ulos
1148 765 1265 848 ligneos

219 870 269 934 vel
284 872 398 933 terreos
414 871 597 954 exciperent,
623 869 672 951 qui
694 867 808 930 tabulas
830 867 862 928 in
882 887 967 929 muro
983 867 1112 929 retinere
1127 877 1263 950 possent.
1317 905 1319 910 ν

220 967 256 1035 In
271 971 406 1052 margine
421 971 563 1034 inferiore
582 969 734 1052 utriusque
749 967 866 1031 tabulae
881 989 970 1030 unum
986 969 1119 1031 foramen
1136 968 1265 1031 additum

204 1083 286 1150 est,
312 1073 349 1135 ad
373 1073 507 1150 olavum,
530 1081 564 1135 ut
584 1072 700 1156 opinor,
724 1069 914 1152 infigendum.
953 1065 1069 1148 Quarta
1083 1069 1184 1132 tabula
1198 1069 1264 1133 sine

219 1174 307 1238 tutio
330 1174 480 1237 sinistram
501 1172 596 1235 tenuit
617 1171 742 1250 tertiae,
774 1169 911 1251 quoniam
933 1170 1079 1252 scriptura
1099 1170 1166 1253 ipsa
1192 1170 1265 1233 sini-

219 1286 363 1338 strorsum
386 1275 496 1352 currit,
527 1274 570 1337 ita
591 1283 623 1336 ut
642 1273 719 1335 bano
741 1271 833 1335 fuisse
862 1270 1083 1353 dispositionem
1112 1269 1265 1336 ambarum

219 1376 369 1458 probabile
384 1376 434 1448 sit.

215 1857 343 1950 bsunu
373 1876 446 1948 fuia
478 1875 597 1951 beuter
629 1903 727 1951 sume
760 1895 788 1951 t.
821 1877 927 1950 ustite
961 1880 1210 1952 sestentasiaru
1236 1899 1263 1952 a.
1315 1936 1321 1944 .

321 1998 519 2084 urnasiaru,
545 1994 678 2067 huntak
702 1995 792 2068 vulto
816 2021 945 2091 prumu
962 1994 1106 2092 poberto,
1134 2017 1161 2068 1.
1179 1998 1266 2071 inult

206 2185 208 2188 ,
321 2111 464 2205 nhtnrn,
492 2124 588 2184 untes
613 2114 746 2209 pontis,
776 2131 802 2182 5.
822 2112 933 2184 frater
957 2124 1148 2209 ustentntn,
1176 2104 1266 2211 puio

323 2249 349 2300 o.
370 2229 484 2300 sratru
507 2256 644 2302 mersus
670 2230 744 2301 sust
769 2245 795 2300 7.
822 2229 1020 2326 bummkle,
1047 2233 1133 2306 inub
1157 2223 1282 2306 nbturx

322 2346 450 2443 vapeie
476 2367 502 2417 8.
521 2346 706 2420 bumnakle
724 2350 826 2439 sistu,
854 2348 990 2422 sabrem
1013 2376 1131 2444 nvem,
1158 2349 1268 2425 ubtnr

322 2482 348 2534 9.
374 2466 475 2558 teitu,
502 2476 629 2561 puntes
654 2466 847 2539 turbantur.

273 2583 419 2671 lnumeb
436 2581 600 2685 sabre[m]
622 2603 663 2655 to.
682 2609 801 2676 uvem,
830 2592 926 2656 urtas
943 2594 1086 2682 pontes,
1116 2585 1266 2657 fratrum

320 2710 478 2799 npetuta.

273 2837 316 2888 11.
329 2818 475 2891 lnumelt
491 2819 548 2889 via
565 2808 727 2890 mersura
744 2843 908 2888 arvamen
926 2826 1033 2911 etum,
1056 2836 1097 2889 12.
1110 2816 1192 2890 arab
1208 2819 1267 2915 pir
1290 2840 1295 2849 “

321 2932 464 3031 persklu
489 2922 611 3026 uictu,
639 2931 805 3033 saltre[m]
831 2916 956 3025 nvem,
986 2951 1029 3004 13.
1054 2933 1166 3006 bletra
1191 2934 1263 3007 fer·

188 3115 191 3119 ,
225 3072 231 3077 ’
321 3060 397 3123 tuta
424 3053 554 3143 aituta,
582 3075 689 3122 arven
714 3051 861 3123 blotram
889 3069 932 3122 11.
959 3052 1150 3149 amparitu,
1179 3052 1265 3125 enm

322 3193 433 3242 esuuu
461 3166 691 3260 futu‚.kletre
715 3169 835 3267 tuplak
863 3187 904 3241 15.
923 3196 1086 3270 prumum
1103 3180 1268 3246 autentu.

272 3285 363 3359 {nult
387 3280 523 3359 sihs‘eia
549 3293 705 3359 autentu.

202 3487 205 3491 ,
274 3425 316 3477 to.
344 3403 434 3477 lnult
457 3403 532 3474 bani
558 3401 680 3478 ferime
706 3415 863 3482 autentu.

273 3525 373 3601 tsunt
398 3511 555 3618 berehtru
575 3537 625 3594 17.
652 3535 809 3598 autentu.
859 3607 863 3617 ¹

151 3699 153 3702 >
275 3643 378 3714 lsunt
401 3622 582 3713 sufer’alulu
607 3651 764 3715 autentu.

152 3810 165 3826 .
273 3757 438 3857 Seples
466 3778 507 3829 18.
531 3758 733 3832 ahesues
758 3762 845 3832 tris
869 3760 945 3831 bani
970 3748 1128 3834 astintu.'
1227 3752 1230 3754 ’

100 3886 103 3893 ’
158 3936 166 3950 ,
270 3866 444 3949 Fer'ehtru
469 3887 590 3950 etres
616 3878 698 3950 tris
726 3895 768 3948 19.
795 3877 980 3952 ahesues
1006 3881 1149 3979 astintu.

231 3979 236 3989 ⁸
273 3989 461 4069 Sufeialtlu
487 3997 613 4069 tuv'es
638 3991 827 4068 ahesues
853 3998 896 4070 bo.
921 3996 1088 4071 anstintu.
1160 4051 1161 4054 ι
