2760 4754
463 279 472 283 ¹
579 315 881 362 manuninum.
923 281 941 312 ⁵
1177 293 1240 358 111
1266 332 1270 338 -

206 465 341 529 ousativo
356 464 509 528 masculini
523 464 554 528 iu
569 487 616 527 -m
632 464 705 542 dini,
724 465 772 547 qui
787 463 984 527 nominativus
1000 463 1095 526 lautus
1110 472 1157 526 est
1171 483 1242 527 neu*

206 567 280 631 taius
303 587 356 650 pro
378 577 412 630 ·t
432 566 481 630 vel
501 566 549 629 ·d.
625 598 627 602 ⁴

291 666 373 732 Idem
393 656 615 751 igilurmatnre
636 666 667 730 in
688 668 787 753 lingua
803 665 941 733 Romana
960 666 1072 730 rustioa
1086 666 1241 749 recidisse,
1295 649 1299 664 ¹

206 772 387 852 eundemque
408 791 493 833 usum
508 770 627 833 saeculo
641 769 729 833 tertio
745 791 763 833 a
777 769 922 856 Romanis
938 767 1061 846 coloniis
1075 769 1107 831 in
1124 769 1243 852 provin-

165 859 175 883 ⁰
206 872 268 935 cias
288 872 544 952 translatumesse
556 871 724 952 statuerim.
739 870 873 952 ·-Neuad
888 867 1065 954 (iteam-sed
1080 870 1117 933 ad
1131 867 1243 934 Roma-

202 995 311 1040 norum
332 973 461 1057 linguam
478 973 631 1050 rusticam,
655 993 712 1054 qua
727 983 789 1036 tum
803 972 891 1036 etiam
905 973 937 1036 in
951 972 1106 1038 sumendo
1121 972 1244 1036 uteban-

206 1085 256 1138 tur
268 1096 322 1159 per
335 1075 514 1158 provinciam
534 1076 658 1138 formam
672 1071 878 1138 Volcanom
891 1070 1055 1138 retulerim.
1079 1071 1120 1136 Et
1135 1073 1171 1136 ah
1188 1074 1242 1138 hoc

205 1176 270 1260 ipso
285 1173 501 1240 Volcanum
516 1169 667 1240 commode
681 1179 790 1239 nomen
805 1177 881 1258 qnod
896 1175 983 1238 hodie
996 1175 1028 1237 in
1042 1172 1129 1239 Italia
1142 1176 1174 1239 in
1187 1198 1243 1241 usn

205 1289 254 1342 est
266 1274 440 1342 Volcano
454 1278 660 1362 repetitam-
672 1264 870 1340 Talssxxx.
887 1273 1016 1341 anuani
1031 1288 1118 1361 eaput
1130 1279 1161 1364 )(
1175 1279 1243 1363 liga
1348 1301 1350 1305 ·

205 1377 270 1444 No.
287 1377 340 1443 37.
357 1378 590 1458 aLondineusi,
613 1377 677 1443 No.
701 1375 754 1444 38.
776 1401 796 1443 a
815 1377 953 1447 Parisino
974 1400 1093 1442 nummo
1112 1379 1242 1445 eiusdem

183 1571 184 1575 Ἰ
206 1502 327 1566 prorsus
343 1483 455 1546 formae
470 1483 633 1551 desnmtum
649 1493 705 1545 est.
738 1480 802 1576 No.
818 1478 873 1546 39.
890 1479 1015 1544 Parisiis
1031 1493 1213 1546 asservatur.

289 1580 566 1658 Beneventum.
616 1581 994 1648 NummnsLondinensis
1023 1581 1100 1666 (ul.
1131 1579 1241 1666 XXX.

206 1681 269 1750 No.
287 1683 370 1767 40),
393 1685 443 1769 qui
464 1685 645 1769 epigraphen
664 1682 896 1763 Benuentod
916 1684 1017 1761 habet,
1040 1682 1113 1748 mihi
1127 1684 1243 1767 quidem
1330 1745 1345 1752 ⁴,

205 1786 360 1851 admodum
375 1787 478 1851 dubius
492 1787 609 1851 videtur
623 1807 702 1850 esse.
739 1785 844 1851 Altera
857 1785 945 1850 leutio
959 1782 1243 1870 Beneventod1)

205 1889 300 1952 errori
328 1901 441 1953 tantum
468 1889 594 1973 legentis
617 1887 718 1952 deberi
739 1888 865 1951 videtur.
912 1884 1090 1972 contium)
1119 1889 1244 1953 eundem

205 2010 293 2074 optem
314 2002 416 2076 repeto
439 2013 588 2055 nummum
610 1989 811 2073 descripsit-³).
845 1985 1027 2074 Miillerus⁴)
1055 1988 1168 2054 litteras
1190 2012 1243 2076 pro
1299 2031 1301 2036 -

206 2090 330 2171 Graecis
345 2093 459 2157 habens
472 2093 544 2176 legit
556 2090 818 2157 Beneventor.
830 2088 874 2155 At
886 2088 916 2153 D
931 2110 1027 2174 neque
1041 2091 1118 2174 apud
1131 2089 1243 2158 Roma·

119 2260 121 2264 ,
147 2219 149 2221 ’
205 2216 260 2258 nos
276 2215 330 2258 neu
345 2197 422 2278 apud
437 2193 569 2261 Graecos
584 2217 639 2260 neo
653 2193 765 2284 uspiam
782 2203 900 2276 estpro
921 2213 961 2272 r3·
981 2192 1035 2256 sed
1051 2203 1111 2255 tum
1124 2191 1156 2256 R
1169 2196 1243 2260 sori·

205 2296 330 2360 bendum
360 2308 445 2376 erat,
478 2299 555 2381 quod
584 2298 677 2361 altera
697 2295 806 2360 nummi
827 2315 896 2379 pars
919 2294 1048 2358 ostendit
1068 2295 1119 2358 in:
1160 2294 1241 2378 PRO
1358 2327 1359 2334 ¹

212 2395 312 2463 ΡΟΜ.
344 2395 488 2484 Omnino,
508 2400 577 2482 quid
600 2397 724 2464 Graecis
736 2397 835 2477 adierit
855 2396 967 2480 negotii
987 2396 1018 2460 in
1042 2398 1158 2463 colonia
1178 2397 1243 2465 Ro·

204 2523 305 2579 mana,
328 2501 485 2564 obscurum
500 2498 557 2565 est.
601 2499 741 2565 'festibus
755 2496 844 2562 Livio
855 2499 881 2584 ⁵)
896 2510 927 2562 et
940 2495 1037 2562 Plinio
1044 2505 1072 2581 ⁶)
1089 2501 1159 2566 urbs
1175 2515 1244 2568 ante

207 2603 360 2666 deductam
375 2603 521 2679 coloniam
530 2600 703 2686 *Romanam
720 2596 989 2663 Maleventum
1013 2601 1158 2685 appellata
1176 2617 1241 2686 est,

206 2701 336 2768 Romani
351 2725 419 2768 eam
437 2712 594 2767 tenuerant
615 2712 683 2766 ante
705 2701 810 2765 bellum
826 2700 974 2774 Punicum⁴
983 2701 1108 2785 primum
1122 2703 1190 2769 inde
1206 2707 1242 2788 ab

207 2827 238 2870 a.
253 2803 318 2882 269
330 2809 369 2887 ⁷).
387 2803 466 2869 Hine
481 2803 614 2883 efficitur,
631 2815 664 2868 ut
676 2802 875 2868 Romanus
891 2808 1026 2868 nummus
1042 2824 1109 2868 esse
1125 2806 1240 2886 debeat.
1339 2855 1342 2862 .

113 2914 115 2918 “
205 2907 248 2971 Et
261 2908 376 2972 litterae
391 2928 465 2972 sane
478 2918 551 2981 sunt
561 2905 728 2985 Romanae,
752 2907 806 2971 sed
820 2917 965 2992 repugnat
978 2907 1046 2970 huie
1062 2900 1170 2992 origini
1183 2922 1242 2997 ter-

204 3011 326 3076 minatio
341 3012 385 3075 ·d.
401 3008 535 3074 Litterae
550 3010 582 3074 iu
597 3008 691 3073 altera
705 3019 791 3092 parte
803 3005 969 3094 Propom
982 3010 1125 3074 oonlietne
1140 3012 1243 3077 viden-

204 3125 253 3178 tur
266 3115 303 3177 ad
318 3133 452 3177 nummos
470 3109 601 3177 Suessae
616 3107 782 3188 Pometiae,
805 3111 859 3174 sed
872 3112 950 3175 male
964 3107 1071 3176 lectae.
1095 3107 1242 3200 Apollinis

204 3226 293 3299 eaput
312 3224 480 3280 monstrant
501 3209 615 3278 Suessa
635 3209 796 3289 Aumnea,
813 3208 936 3292 Teano,
959 3211 1111 3296 Nuceria,
1136 3237 1242 3300 equum

275 3450 302 3514 1)
320 3449 430 3501 Eokhel.
449 3449 565 3502 Praefat.
585 3451 611 3502 in
629 3450 744 3518 symbol.
763 3450 844 3502 Leuni
863 3449 896 3502 ll.
917 3467 942 3516 p.
963 3450 1023 3503 661.
1044 3454 1086 3505 ed.
1106 3452 1126 3505 l.
1179 3499 1183 3519 ÷
1210 3501 1213 3505 ,

271 3538 300 3603 2)
318 3535 422 3589 Nummi
439 3535 482 3604 qni
499 3537 526 3587 in
544 3534 613 3591 llus.
631 3536 698 3588 Brit.
716 3537 819 3598 adsere.
839 3551 866 3603 p.
884 3536 928 3592 20.
946 3533 998 3589 No.
1016 3539 1042 3588 1.

272 3624 299 3690 6)
317 3622 436 3690 Alterum
458 3620 604 3675 Avellinius
629 3621 699 3688 (ltal.
726 3630 779 3674 vet.
804 3622 921 3682 numism.
949 3636 973 3687 p.
996 3621 1241 3687 laetaniarum

205 3709 295 3761 Museo
314 3707 346 3760 H.
366 3707 560 3759 Sanelementii.
592 3730 596 3737 ·

273 3783 453 3859 Olpw.
567 3789 570 3795 ’

274 3878 301 3942 5)
320 3877 367 3929 lX.
387 3877 430 3932 2⁷.

274 3963 302 4029 6)
321 3963 367 4014 111.
389 3963 429 4016 16.
485 3995 488 4001 ·

274 4046 302 4111 7)
321 4047 378 4100 liv.
398 4049 460 4116 epit.
482 4050 522 4102 1⁵.
