2760 4754
563 295 755 356 rnurnrro.
912 263 915 277 ⁴
1117 299 1178 341 xrn

136 447 289 544 prrifattr
311 474 362 537 pro
378 475 413 516 ea
430 475 516 537 qnam
539 453 762 538 exspectaveris
785 442 983 542 priifattedp
1009 471 1111 518 veram
1132 465 1177 519 tes

57 549 62 560 Ι
136 616 202 659 men
226 595 301 657 hano
322 614 395 687 esse
416 593 571 656 lectionem
602 591 708 654 voenla
730 591 788 654 sio
819 592 915 655 addite
944 593 1097 656 confirmat
1115 590 1173 658 *Gt

135 726 325 791 Avellinius.·
395 687 396 691 Ἰ

219 857 331 947 Ultimo
347 860 413 924 loeo
436 880 526 946 pono,
551 861 629 944 qnod
648 880 689 924 ex
710 860 766 924 hae
788 859 846 923 viri
868 857 1023 923 clarissimi
1037 847 1179 926 dissem-

137 996 215 1057 tione
232 996 277 1079 (p.
294 991 345 1080 9.)
366 992 463 1070 didici,
487 992 520 1055 in
542 1003 626 1078 parte
649 1012 757 1056 aversa
776 1012 961 1056 nummorum
974 989 1072 1058 Teani
1091 1012 1193 1059 osee»

136 1156 198 1197 rum
226 1134 384 1231 saepius
414 1132 472 1215 legi
501 1127 710 1199 Sidiltinum.
758 1130 834 1196 Mihi
853 1133 909 1218 ipsi
927 1099 991 1200 ‘non
1013 1136 1179 1220 contigerat

136 1275 191 1337 alia
208 1274 293 1338 huius
308 1275 417 1338 nummi
433 1275 569 1359 exempla
585 1274 698 1350 videre,
724 1294 810 1357 quam
832 1274 863 1336 in
885 1273 988 1356 quibus
1010 1274 1113 1338 ultima
1132 1275 1178 1347 lit·

136 1428 198 1480 tera
221 1416 399 1501 epigraphae
421 1410 618 1485 sidikinum
646 1416 813 1480 oblitterata
846 1427 927 1496 erat,
949 1389 1070 1502 praeter
1089 1440 1177 1482 unum

125 1559 165 1624 ‚in
179 1578 281 1621 museo
297 1556 471 1621 nobilissimi
486 1558 624 1644 principis
641 1554 676 1622 S.
695 1556 819 1643 Giorgio
837 1554 961 1643 Spinelli
978 1535 1175 1637 asservatum,
1293 1585 1294 1591 ¹

135 1701 238 1783 inquo
259 1698 386 1784 vestigia
408 1700 481 1764 satis
504 1712 606 1785 aperta
628 1692 745 1766 litterae
769 1694 791 1764 d
813 1701 981 1787 perspicere
1003 1701 1075 1765 mihi
1095 1702 1178 1768 visus
1229 1681 1236 1689 ’

100 1844 104 1852 ‘
136 1861 212 1919 snm,
237 1840 334 1924 qualia
348 1841 379 1903 in
400 1852 502 1904 nostra
517 1841 617 1905 tabula
638 1837 750 1903 XXX.
773 1838 838 1906 No.
865 1840 916 1906 17.
941 1843 1176 1925 repraesentavi.
1200 1816 1206 1827 l

135 1970 244 2058 Neque
274 1973 352 2038 alind
379 1975 533 2058 quidquam
563 1984 808 2060 exspectaveram
845 1973 1005 2037 seeundum
1033 1975 1184 2042 adversae,

136 2116 227 2198 partis
242 2117 421 2203 epigraphen
442 2127 541 2181 notam
563 2108 715 2184 Tianud.
763 2120 878 2186 Tamen
901 2121 938 2186 ab
960 2124 1063 2189 eodem
1084 2123 1178 2190 Avel-

139 2268 209 2332 linio
236 2267 295 2332 iam
328 2267 395 2330 alibi
418 2268 494 2344 hano
515 2268 753 2331 terminationem
776 2290 856 2333 ·um
871 2262 897 2363 ¹)
921 2270 1012 2333 semel
1030 2268 1177 2332 laudatam

138 2409 227 2472 fuisse
250 2409 410 2472 seeundum
431 2405 646 2491 Sestinium2),
677 2432 754 2474 nune
783 2410 880 2476 video.
927 2407 1042 2493 Quodsi
1069 2431 1178 2476 revera

136 2565 213 2606 nova
240 2542 356 2607 illorum
379 2563 561 2606 nummorum
588 2544 807 2627 comparatione
836 2545 1043 2621 confirmatur,
1066 2544 1098 2607 in
1116 2564 1176 2607 uno

137 2709 209 2772 um,
235 2688 265 2749 in
288 2686 381 2749 altero
403 2676 451 2749 ud
473 2686 611 2771 seriptum
634 2709 721 2767 esse,
746 2688 817 2751 mihi
838 2688 951 2771 quidem
975 2711 1036 2754 non
1059 2700 1106 2754 est
1125 2689 1178 2754 du·

137 2831 227 2907 bium,
252 2830 321 2914 quin
337 2849 395 2892 una
408 2827 457 2892 vel
472 2826 566 2891 altera
580 2827 667 2892 lectio
681 2827 713 2892 in
728 2827 774 2891 his
789 2845 903 2909 quoque
925 2825 1071 2904 nummis,
1102 2844 1176 2910 qnos
1202 2815 1207 2827 ’

138 2987 239 3030 omnes
264 2965 358 3029 adhue
377 2965 522 3049 genuinos
545 2983 612 3027 esse
635 2973 824 3047 putaveram,
850 2961 1038 3041 falsariorum
1068 2980 1176 3044 operae

137 3101 305 3186 imputanda
319 3100 369 3163 sit.

220 3234 424 3299 Adiioiendnm
440 3233 564 3315 deniqne
578 3230 716 3308 arbitror,
735 3241 802 3295 ante
818 3231 872 3294 hos
887 3252 997 3314 paucos
1012 3230 1087 3310 dies,
1104 3231 1177 3295 ami·
1252 3214 1258 3224 ’

138 3370 247 3434 nissimi
262 3380 292 3434 et
307 3367 480 3446 nobilissimi
496 3365 610 3430 comitis
622 3364 799 3451 Hieronymi
813 3365 849 3429 de
863 3363 956 3429 Benis
971 3366 1078 3450 gratia,
1096 3376 1177 3453 eety·
1251 3419 1255 3427 .

136 3527 194 3590 pon
215 3506 319 3568 adme
341 3502 460 3566 missum
484 3521 568 3579 esse,
593 3503 670 3584 quod
697 3501 761 3585 ipse
787 3500 966 3566 venerabilis
994 3512 1176 3566 etruscorum

138 3722 343 3736 ψ

206 3864 232 3929 1)
251 3861 341 3914 Giorn.
362 3877 431 3914 num.
451 3861 498 3914 111.
516 3877 542 3929 p.
563 3860 605 3913 35.
626 3859 722 3928 0puso.
736 3861 789 3916 vol.
804 3855 837 3911 11.
852 3872 877 3924 p.
891 3856 933 3908 35.

202 3963 231 4028 2)
249 3961 346 4014 Sestini
363 3959 479 4016 Deseriz.
500 3977 525 4030 p.
546 3961 587 4014 tt.
