2760 4754
167 315 236 381 tto
367 343 369 349 ¹
519 335 561 377 ou
582 334 824 379 nrrrsnnuuna.

150 484 305 566 'cuiusque
324 482 439 546 litterae
461 481 642 546 variationes
664 481 914 565 chronologicum,
936 492 1075 565 quantum
1090 494 1203 567 petest,

166 595 327 668 sequuntur
340 585 483 649 ordinem.

507 717 862 793 vocalem

249 839 353 905 Umbri
375 852 406 905 ct
427 838 500 907 Osci
521 840 552 905 in
575 841 693 924 antiqua
717 840 818 924 lingua
839 851 870 904 et
890 840 1046 925 scriptura,
1084 848 1206 926 practer

166 957 226 1009 tres
246 943 421 1029 principales
443 942 556 1006 litteras
578 944 698 1008 vocales
722 964 751 1022 a,
768 943 791 1023 i,
809 964 838 1020 u,
863 942 951 1006 etiam
965 944 1204 1009 secundariam

165 1045 346 1124 babuerunt,
377 1044 543 1108 obteram
564 1040 679 1125 Umbri,
703 1065 795 1135 aeque
817 1050 942 1128 atque1)
962 1043 1096 1125 Etrusci,
1128 1068 1203 1111 non·

166 1148 233 1212 dum
256 1147 292 1210 ab
308 1169 328 1210 u
348 1146 447 1210 littera
462 1147 670 1226 distinxerunt,
688 1147 740 1212 sed
755 1147 785 1210 in
800 1148 892 1211 latina
907 1147 1023 1211 demum
1037 1147 1204 1213 litteratura

165 1259 268 1333 postea
281 1258 401 1332 recepta
415 1248 557 1312 scribunt.
602 1246 691 1334 Apud
706 1245 803 1313 Oscos
825 1249 857 1312 iu
872 1248 990 1333 antiqua
1004 1249 1203 1329 litteraturam

165 1351 280 1415 litterae
300 1351 498 1415 variationem
521 1349 541 1414 ir
563 1350 709 1430 videmus,
731 1351 762 1413 in
785 1351 875 1414 latina
897 1350 1065 1435 plerumque
1095 1373 1161 1416 cum
1184 1375 1203 1417 o

167 1464 384 1518 commutatam.
406 1449 568 1516 Praeterea
583 1452 713 1536 quintam
728 1449 802 1517 Osci
816 1453 950 1518 vocalem
965 1453 1075 1519 habeut
1088 1452 1110 1533 i,
1128 1474 1203 1538 quac

166 1556 203 1618 ad
218 1576 354 1641 maccam
369 1579 388 1617 v
404 1554 567 1619 accessisse
582 1554 708 1618 videtur.

252 1841 364 1923 Prima,
389 1866 476 1927 quam
502 1843 681 1922 notavimus,
713 1847 807 1908 lorma
837 1845 968 1908 umbrica
996 1844 1028 1906 in
1057 1843 1152 1928 prima
1175 1856 1205 1908 et

168 1946 297 2010 secunda
317 1945 415 2010 tabida
434 1944 605 2029 Eugubina,
636 1947 730 2010 altera
750 1947 781 2009 in
804 1947 892 2010 tertia
913 1958 944 2010 et
966 1956 1081 2029 quarta,
1104 1945 1206 2010 ultima

168 2048 200 2111 iu
224 2038 334 2130 quinta
355 2048 504 2111 exhibitae
533 2058 620 2126 suut3
657 2068 792 2111 oscarum
817 2049 910 2132 prima
931 2058 1044 2111 tantum
1062 2048 1094 2111 in
1122 2048 1205 2133 cippo

168 2147 327 2213 Atellano.
372 2146 455 2214 Inter
477 2149 583 2212 latinas
607 2144 754 2212 Oscorum
783 2150 892 2213 lormas
921 2150 1051 2214 secunda
1078 2150 1206 2228 notanda

170 2248 287 2314 tabulae
320 2270 431 2313 aeneae
459 2246 633 2314 Veliternae
669 2250 835 2335 peculiaris.
893 2247 940 2314 De
969 2250 1206 2336 pronuntiatione
1263 2272 1270 2285 ⁸

170 2352 296 2416 dubitari
318 2352 429 2437 nequit,
452 2353 585 2435 quamvis
606 2351 637 2414 in
657 2350 755 2451 latinis
776 2352 882 2416 tabulis
902 2351 1069 2437 Eugubini's
1090 2354 1206 2440 saepiu

170 2484 235 2527 cum
250 2485 269 2526 ο
285 2472 491 2527 commutatam
505 2446 669 2541 videamus,
687 2474 719 2526 ut
738 2463 768 2536 in
787 2469 906 2552 maluo,
929 2460 1044 2555 pibus,
1064 2460 1205 2554 nabore,

166 2586 333 2672 prectulc,
367 2577 536 2648 tesenolsir
560 2605 614 2668 pro
635 2588 774 2672 vatum,
812 2576 927 2674 pibaz,
960 2576 1101 2673 valsaze,
1127 2604 1207 2677 pre·

171 2704 272 2790 state,
301 2684 497 2768 tesenalses.
551 2697 658 2765 Lectio
687 2702 774 2767 unica
807 2707 912 2768 mutue
947 2697 1031 2786 (Vll,
1062 2697 1119 2785 45)
1155 2723 1208 2789 pro

171 2823 297 2885 vatuva
315 2819 431 2883 scribae
454 2838 540 2882 error
561 2828 617 2882 est.

258 2933 305 3002 Αἰ
331 2936 528 3020 diphthongus
556 2957 615 2998 non
642 2946 689 2999 est
713 2956 794 2999 rara.
840 2935 943 3000 Habes
965 2938 997 3000 in
1022 2932 1108 3026 aitu,
1135 2935 1207 3028 aiu,

171 3049 304 3142 lauram,
331 3045 464 3145 penaio,
491 3049 674 3144 pernaies3
703 3064 734 3119 et
753 3054 785 3118 in
804 3054 1032 3151 latinismabulis
1047 3057 1135 3121 molo
1158 3054 1209 3146 ai,

172 3183 205 3235 ut
224 3172 257 3235 in
275 3168 431 3263 perseio,
456 3169 611 3263 portula,
639 3173 726 3238 modo
748 3193 804 3262 oc,
832 3185 866 3238 nt
886 3175 918 3239 in
940 3186 1101 3265 persecu,
1128 3196 1210 3269 per·

171 3311 244 3379 coe,
273 3287 423 3356 doetom.
451 3286 513 3354 Pro
534 3312 700 3382 pusnaeS,
726 3290 778 3375 (1¹,
794 3291 831 3373 2)
854 3291 1010 3375 legendum
1030 3289 1208 3383 pusnaiea.

174 3394 317 3464 Similiter
337 3398 368 3462 in
389 3400 489 3486 lingua
507 3401 599 3466 latina
627 3403 747 3486 antiqua
768 3402 803 3465 ai
825 3403 964 3467 scribitur
985 3413 1016 3466 et
1034 3403 1153 3489 saepius
1175 3406 1215 3483 ai

148 3503 425 3591 pronuntiabatur,
457 3503 506 3567 nbi
535 3515 638 3591 postca
667 3525 794 3590 semper.
810 3526 852 3569 ae
874 3505 1057 3570 scribebatur
1085 3515 1117 3570 et
1140 3526 1214 3571 mox

172 3605 261 3672 etiam
275 3627 293 3670 e
307 3606 567 3689 pronunciabatur.

256 3706 314 3771 Αιι
337 3707 532 3794 diphthongus
546 3729 607 3773 non
621 3718 670 3797 est
683 3706 825 3774 umbrica.
856 3706 892 3774 In
911 3709 1077 3774 litteratura
1092 3708 1214 3809 antiqua

241 3896 268 3962 1)
285 3897 413 3950 Priscian.
433 3913 458 3964 p.
472 3899 538 3951 553:
571 3898 614 3964 „0
632 3896 732 3964 aliquot
750 3897 843 3949 ltaliae
865 3897 997 3964 civitates,
1029 3904 1095 3950 testa
1114 3897 1212 3966 Plinio,

174 3997 224 4032 non
249 3982 388 4048 habebant,
404 3984 459 4034 -sed
483 3985 540 4034 loco
568 3985 624 4035 eius
650 3983 780 4050 ponebant
804 3980 830 4036 V
853 3989 880 4035 et
902 3984 1013 4040 maximo
1041 3982 1160 4039 Umbri
1185 3991 1213 4036 et

173 4063 311 4118 Tusci.“
347 4066 413 4121 vido
426 4068 489 4121 diso
505 4069 537 4150 (le
549 4067 631 4130 Tabb.
646 4067 711 4129 Eue.
730 4085 755 4136 p.
769 4068 812 4123 ab.
826 4067 869 4123 at.
