2760 4754
165 297 189 359 6
245 318 249 325 ’
468 310 708 356 rusentrrrouns
731 311 903 355 ennean.

63 533 64 536 Ἴ
168 464 241 527 haee
253 461 350 526 studia
362 458 568 545 pertractanda
580 476 753 522 conoessum
768 455 868 534 fuerit,
885 455 922 519 de
931 454 1076 519 industria
1091 454 1208 538 plenam

167 575 423 629 monumentorum
438 561 657 644 indagationem
671 559 703 623 in
718 559 796 622 aliud
810 557 909 621 distuli
923 568 1047 640 tempus.
1070 553 1132 620 Sed
1147 557 1209 621 siu.-

122 711 129 724 κ
167 667 264 750 golari
276 664 383 729 aeeidit
397 684 469 726 nasu
480 661 556 745 quod
571 682 631 725 nna
644 661 707 741 illa,
720 681 807 742 quam
822 658 853 722 in
866 659 1010 723 relatione
1026 656 1210 730 deLassenii

167 767 281 850 libror)
303 765 410 850 protuli
432 762 581 828 sententia
603 763 641 826 ad
663 761 935 845 interpretationem
959 771 1113 846 spectans,
1143 770 1211 824 tan·
1293 808 1297 824 .

168 889 255 952 quam
271 868 348 931 falsa
362 877 390 930 et
406 884 546 950 perversa
561 884 580 927 o
594 861 777 928 Grotefendo
796 876 899 929 notata
915 876 961 929 est
974 863 1087 929 Partie.
1104 859 1161 926 ΠΙ.
1177 882 1209 946 p.

168 969 202 1033 9.
232 968 319 1032 Hane
335 979 414 1033 oerte
430 965 607 1030 sententiam
622 964 723 1049 paneis
739 966 896 1030 defendere
911 977 958 1030 est
970 966 1002 1031 in
1017 964 1125 1029 animo.

170 1087 172 1091 ’
254 1066 341 1152 Quae
349 1069 537 1135 adversarios
546 1067 584 1130 ad
596 1087 716 1130 oausam
730 1087 814 1130 snam
828 1069 1015 1132 obtinendam
1031 1067 1129 1152 posuit
1136 1066 1211 1131 haee

171 1187 249 1241 sunt
266 1174 392 1259 „Quum
406 1184 479 1244 tuta
496 1170 663 1244 'l'ar’inate
680 1170 780 1264 tritu,
804 1177 857 1254 ait,
880 1177 945 1241 sine
960 1176 1048 1240 dubio
1062 1197 1115 1260 pro
1130 1185 1212 1238 tota

170 1282 411 1363 „Tareinate
431 1288 540 1351 tribu
563 1286 703 1368 seriptum
718 1286 767 1362 sit,
791 1303 879 1347 nemo
895 1305 959 1347 eum
974 1281 1085 1367 Lepsio
1099 1282 1213 1368 putabit

171 1387 229 1465 „in
247 1406 323 1452 voee
345 1398 430 1451 tota
452 1385 686 1463 substantivum,
716 1385 748 1447 in
777 1382 949 1466 Iguvina
970 1385 1146 1448 adieetivum
1168 1384 1212 1449 la·
1259 1429 1262 1435 -

171 1496 305 1566 „tere.“
341 1489 488 1572 Hisqune
503 1507 648 1570 opponam
663 1486 738 1550 haee
752 1486 864 1550 habeo:

256 1589 290 1672 1)
312 1586 392 1654 Urbs
415 1612 433 1654 a
454 1587 600 1653 Romanis
621 1586 800 1670 Iguvium
822 1587 944 1666 dieitur,
969 1586 1145 1651 adieetivum
1166 1596 1214 1651 est

168 1686 369 1773 Iguvinns.
412 1689 543 1757 Causam
561 1709 636 1754 vero
651 1709 711 1752 non
724 1689 812 1753 video
834 1689 1003 1768 dubitandi,
1026 1711 1097 1754 num
1110 1690 1142 1752 in
1157 1690 1213 1752 lin·

170 1808 228 1874 gna
251 1791 382 1857 umbrica
405 1805 465 1858 tam
489 1803 570 1856 arete
599 1790 708 1856 latinae
737 1791 894 1857 ooniuneta
922 1792 1026 1855 eadem
1054 1790 1215 1854 obtinuerit

170 1901 258 1964 ratio.
296 1899 332 1965 In
354 1903 447 1967 verbo
470 1897 629 1991 nentina,
657 1897 799 1968 Ιίουίηα
827 1903 951 1968 eandem
980 1902 1122 1966 habemus
1151 1902 1213 1964 for·

171 2016 350 2095 mationem,
376 2040 462 2102 quam
484 2019 515 2083 in
538 2014 718 2106 Foovtna,
742 2018 772 2081 id
788 2018 864 2101 quod
880 2015 1030 2081 derivatur
1044 2037 1061 2079 a
1077 2016 1215 2080 substan·

172 2130 235 2194 tivo
255 2124 390 2219 Faltoni,
413 2145 446 2197 ut
469 2128 601 2231 Serfia,
629 2130 752 2220 Jooio,
778 2129 913 2199 Huntia
935 2155 953 2198 a
975 2125 1084 2228 Serfi,
1112 2128 1212 2222 Jovi,

170 2242 306 2336 Hunte,
336 2261 423 2334 atque
441 2246 611 2345 Tesralia
629 2246 734 2345 Tesre
745 2254 786 2336 ²).

256 2358 293 2442 2)
313 2355 492 2442 Reperimus
513 2361 591 2427 idem
612 2366 735 2429 verbum
750 2360 867 2446 saepius
881 2359 913 2424 in
927 2380 1037 2444 genere
1051 2360 1215 2426 masotdino

171 2460 354 2567 lltuvinus‚
381 2463 553 2560 Boviano,
583 2493 641 2556 qua
659 2472 691 2536 in
713 2473 809 2536 forma
823 2469 904 2533 urbis
919 2491 1028 2534 nomen
1043 2493 1103 2534 non
1117 2482 1214 2556 potest
1268 2512 1272 2521 -

171 2605 232 2649 non
247 2585 383 2665 exeludi3
407 2586 461 2650 sed
475 2587 610 2673 nuspiam
625 2588 826 2673 deprehendes
841 2588 966 2650 formam
979 2591 1088 2675 tutus,
1109 2594 1212 2678 totus,

173 2705 256 2789 toto,
285 2703 401 2786 qualem
421 2703 451 2768 in
471 2705 635 2773 masculino
655 2703 898 2790 exspeetaveris‚
922 2703 1079 2787 siqnidem
1094 2705 1216 2770 adiecti*

172 2830 241 2875 rum
257 2821 349 2874 esset.

190 2945 192 2950 2
259 2916 295 3000 3)
314 2913 420 2981 Venta
441 2911 601 3006 lltnvina,
624 2938 694 3006 -as‚
716 2938 766 3006 ·e‚
786 2913 940 3006 Iiovino,
962 2930 1020 2982 eto.
1037 2941 1154 3004 semper
1168 2944 1217 2990 se‘·

172 3035 300 3110 quotuor
315 3023 392 3088 aliud
407 3046 516 3089 nomen
536 3027 568 3092 in
583 3026 688 3090 eodem
702 3048 774 3092 oasu
789 3028 933 3112 positum3
959 3028 985 3095 si
1000 3029 1215 3100 substantivum

171 3136 264 3208 esset,
286 3127 433 3192 intertum
448 3127 542 3192 solum
557 3129 683 3213 positum
699 3125 766 3194 esse
782 3129 951 3211 credideris,

256 3233 292 3318 t)
307 3230 395 3315 Quod
419 3233 524 3299 attinet
542 3237 580 3301 ad
600 3238 741 3303 formulas
762 3238 793 3303 iu
816 3240 920 3325 quibus
933 3261 998 3305 vox
1012 3247 1084 3310 tuta
1098 3246 1215 3311 inveni-

172 3363 237 3428 tur,
248 3453 250 3457 V
262 3349 462 3418 Grotefendos
477 3365 591 3419 tantum
605 3358 713 3432 verba:
736 3363 810 3425 tuto
828 3352 994 3428 'farinate
1007 3356 1089 3434 trifu
1102 3363 1214 3450 laudat,

173 3480 266 3547 eaque
281 3473 414 3549 prompte
428 3462 653 3558 interpretator:
671 3477 748 3550 tota
762 3466 968 3559 Tarsinate
982 3473 1090 3554 tribu.
1114 3471 1149 3539 si
1164 3477 1216 3554 ad-

176 3634 383 3644 *—

198 3758 210 3789 Δ
242 3751 269 3809 1)
289 3749 382 3801 lttotn.
403 3750 567 3806 montotto.
588 3773 614 3823 p.
635 3758 731 3810 tto*
813 3781 815 3791 ·
844 3794 845 3799 =

240 3834 269 3900 2)
289 3833 357 3903 Typi
371 3838 488 3903 pingues
504 3842 531 3889 et
544 3843 633 3892 ,oresti
645 3848 701 3910 'per
717 3849 799 3896 totum
817 3844 914 3899 timum
929 3862 1007 3898 voees
1026 3850 1155 3902 ombrious
1172 3852 1216 3902 vel

176 3933 251 3969 oseas
268 3919 369 3983 timeris
387 3921 517 3986 indigenis
540 3933 664 3978 exaratas
681 3928 851 3995 ¹distinguunt
859 3951 871 3998 31
890 3932 946 4001 typi
960 3935 1077 3999 pingues
1093 3935 1217 3986 ottadi-

175 4007 236 4054 noti
252 4020 331 4056 voees
350 4005 488 4072 designant
505 4012 634 4063 umhrioas
653 4015 696 4064 vel
714 4018 906 4071 oscitationis
922 4017 1203 4087 tantummono..
