2760 4754
548 310 833 391 numm-'eamme
1143 316 1207 394 lab

166 494 222 562 26.
246 497 324 559 lacta
347 495 451 560 estad
474 496 640 579 exemplum
666 492 844 576 Parisinum.
882 492 1114 576 :lusoripmest
1136 516 1207 560 osea
1282 543 1285 548 -

167 607 261 669 bauo:
281 597 450 692 vtinam,
485 606 597 687 in'qno
619 604 681 668 noli
703 603 873 687 negligere,
909 603 940 665 in
969 601 1060 697 titulis
1091 601 1203 695 ιιιιιι.4

162 711 291 811 ῪΑιΙιιιι.
320 716 447 788 ιιιιιιὶ.
475 723 581 805 ubique
602 719 838 785 terminationem
861 720 977 812 deesse,
1002 740 1077 812 quae
1092 729 1143 786 aut
1157 732 1205 790 ur-

166 828 213 891 bis
234 829 408 913 designabat
429 853 555 908 nomeu,
580 840 648 904 aut,
672 827 948 911 quodprotatitius
963 828 1061 908 duco,
1093 835 1206 902 formae

167 930 367 1016 adiectivac1)
382 931 474 998 index
489 939 564 998 erat.
586 931 628 995 Et
641 931 718 994 hauc
733 929 855 993 alteram
870 930 1045 995 sententiam
1060 932 1124 1016 ipsa
1138 959 1206 1003 sua·

168 1033 219 1095 ιιι
237 1034 450 1113 terminationis
469 1033 596 1113 recisio3
602 1032 720 1116 quidni
736 1032 814 1095 enim
828 1031 955 1094 litteram
971 1054 992 1096 a
1005 1033 1111 1118 ubique
1127 1040 1206 1106 adia

168 1132 304 1214 cissent,
321 1157 348 1200 sn
339 1136 476 1200 urbium
491 1136 611 1200 nomina
624 1133 747 1217 intelligi
763 1132 943 1197 volnissent?

175 1254 177 1257 ·
253 1234 339 1300 Duae
355 1258 373 1301 a
387 1236 578 1322 scriptoribus
594 1246 860 1300 commemorantur
875 1233 1068 1325 Calatiae,
1093 1241 1128 1305 de
1144 1247 1206 1326 qui.
1308 1307 1313 1312 Ι

169 1338 224 1402 b'us
246 1339 367 1419 videas,
392 1361 467 1423 qnae
490 1338 608 1422 scripsit
626 1336 822 1421 Pellegrr'nius
834 1342 873 1420 ²).
905 1333 974 1401 Una
988 1349 1070 1404 trans
1085 1339 1207 1410 Vultur-

169 1453 251 1518 num,
276 1427 369 1505 altera
384 1443 425 1506 cis
440 1439 618 1506 Vulturnum
633 1440 691 1504 sita
705 1449 779 1518 erat,
804 1439 854 1503 illa
869 1436 1040 1504 Galazze
1055 1443 1141 1510 hodie
1157 1471 1208 1533 ap·
1272 1481 1279 1497 =

169 1542 288 1628 pellata,
299 1543 373 1608 baec
389 1540 415 1609 C
424 1542 577 1632 aiazzo.
592 1539 652 1607 Sed
669 1562 786 1620 vereor,
803 1560 842 1604 ue
856 1539 959 1605 inillis
974 1543 1147 1628 scriptorum
1163 1550 1207 1615 lo-

170 1644 225 1723 cis,
240 1645 271 1708 in
286 1645 389 1728 quibus
405 1646 440 1708 de
454 1644 527 1708 urbe
542 1645 585 1708 eis
600 1643 777 1710 Vulturnum
792 1643 849 1707 sita
863 1639 1032 1726 loquuntur,
1051 1643 1208 1717 Caiatia

170 1746 266 1829 potius
287 1746 443 1831 legendum
465 1747 514 1824 sit,
538 1747 697 1810 secundum
718 1745 843 1830 lapidem
863 1744 1105 1827 pretiosissimum
1128 1773 1146 1816 a
1166 1751 1205 1817 F.

170 1845 307 1912 Danielis
317 1849 343 1935 3)
359 1849 522 1931 editum,
506 1849 537 1911 iu
553 1869 609 1930 quo
624 1848 792 1931 rarlronus]
807 1843 972 1930 nsmlicipii]
989 1851 1137 1933 curamini]
1155 1877 1208 1920 no-

170 1948 308 2014 minatur.
338 1947 458 2034 Lingua
479 1920 578 2014 italica
598 1946 770 2048 saepissime
791 1947 905 2030 quidem
925 1948 1101 2015 lroman‘am
1118 1976 1183 2020 eum
1199 1982 1209 2020 1

171 2051 371 2153 commutavit,
396 2053 523 2135 quando'
529 2060 599 2136 post
617 2070 647 2135 p,
671 2051 693 2128 ι,
719 2070 746 2127 c,
771 2049 811 2113 al.
829 2048 924 2133 posita
939 2059 1014 2129 crat,
1038 2053 1115 2139 utin
1129 2057 1207 2161 pia·

171 2148 228 2233 nc,
253 2153 416 2232 fiamma,
437 2153 588 2232 chiaro,
606 2147 792 2229 macchia,
809 2137 1029 2236 propla'nus,
1046 2132 1204 2271 ¹flaminia,

171 2256 320 2335 clarus,
343 2251 510 2335 macula,
534 2255 586 2321 sed
601 2262 760 2318 conservat
771 2253 856 2317 inter
863 2255 995 2332 vocales,
1020 2266 1052 2318 ut
1065 2256 1096 2320 iu
1112 2260 1207 2326 cala·

170 2380 243 2437 mo,
267 2358 449 2441 palazzo,
472 2354 612 2441 Nola,
617 2352 790 2421 Salerno.
812 2354 1038 2429 Rectissime
1029 2359 1120 2442 igitur
1140 2361 1208 2428 Ga-

170 2463 284 2525 lazzc
306 2459 456 2524 derivatm
477 2482 496 2524 a
518 2433 695 2538 Calatia,
720 2455 896 2545 Caiazzo
918 2479 991 2523 vero
1005 2453 1125 2544 antique
1141 2462 1207 2530 Ca-

170 2562 265 2625 iatia'
286 2574 404 2624 sonare
415 2561 550 2624 debebat.
587 2560 712 2625 Accedit
726 2560 813 2643 quod,
837 2580 863 2624 ιι
854 2561 953 2624 duae
969 2562 1123 2627 eiusdem
1115 2570 1209 2632 numi·

173 2662 229 2726 nis
229 2659 338 2726 ιιιιιιιι
362 2672 424 2725 tam
448 2660 568 2724 vicinae
596 2663 741 2739 inissent,-
775 2671 892 2725 veteres
914 2665 1089 2745 cognomine
1111 2667 1209 2751 aliquo

173 2784 247 2831 sane
269 2763 485 2836 distinximent.
516 2760 982 2846 >Facileinnost1is-scriptorum
1002 2771 1209 2854 manuscriptis
1273 2851 1275 2856 Ι

174 2862 335 2932 Caiatia
358 2864 431 2945 urbs
451 2875 578 2955 proptor
606 2865 785 2931 vicinitatem
805 2886 870 2929 uum
894 2863 1049 2933 Calatia
1071 2873 1209 2939 conlundi

171 2977 300 3054 poterat.
335 2965 468 3051 Egregie
489 2988 562 3042 vero
583 2979 716 3035 nostram
736 2968 909 3059 confirmant
921 2969 1104 3053 Jsenlentiam
1126 2996 1209 3040 num·

170 3069 230 3149 mi,
262 3068 311 3152 qni
324 3068 394 3133 iam
413 3068 450 3132 ab
471 3067 621 3135 Avellinio
630 3071 658 3151 ⁴)
681 3080 713 3135 et
731 3067 907 3154 Millingeno
919 3075 947 3152 6)
969 3072 1055 3136 alteri
1075 3071 1209 3142 Calatiae

172 3170 303 3237 attributi
324 3181 394 3235 sunt
421 3181 452 3234 et
479 3171 660 3256 epigraphen
688 3192 823 3237 camrruo
848 3171 1011 3239 luculenter
1030 3187 1207 3244 monstrant.

172 3342 175 3352 Ι
242 3365 269 3431 1)
288 3347 370 3415 ιιιιοι
388 3373 429 3416 est
445 3340 536 3426 Lanzii
556 3360 588 3419 il.
610 3367 669 3421 598.
690 3367 730 3419 ed.
747 3367 769 3418 l.
786 3356 906 3422 Eulalia
923 3371 1064 3436 laudantis,
1084 3389 1142 3426 narn
1155 3375 1209 3433 tta-

172 3465 274 3528 zocchi,
292 3480 366 3531 quem
385 3473 477 3519 testem
496 3467 581 3534 affert,
601 3474 672 3517 reete
690 3450 790 3525 Iialau’
808 3448 934 3520 exbibnit.

240 3558 269 3624 2)
287 3556 404 3610 Discorsi
423 3560 492 3611 della
510 3556 649 3627 Campania
668 3556 755 3617 felice
776 3560 815 3612 ed.
839 3560 869 3610 ll.
891 3567 954 3608 tom.
976 3557 994 3608 1
1016 3557 1085 3610 Iliso.
1108 3558 1139 3609 11.
1160 3559 1207 3611 No.

173 3641 286 3696 XXXII.
307 3659 332 3710 p.
351 3642 412 3700 422
432 3661 487 3712 sqq.

240 3728 269 3796 3)
287 3727 333 3779 Le
341 3728 440 3780 Forebe
458 3730 583 3781 Gaudine.
602 3746 628 3798 p.
648 3733 692 3786 ιι.
790 3763 792 3768 f

233 3814 267 3884 ι)
286 3813 346 3866 ltal.
364 3821 418 3866 ιιι.
438 3815 568 3881 numism,
586 3817 630 3869 vel
648 3815 739 3871 Giorn.
759 3811 879 3870 numism.
898 3816 976 3868 distr.
994 3813 1026 3866 V
1047 3822 1073 3864 et
1091 3813 1135 3865 Vl.
1160 3815 1213 3869 Λιι-

174 3899 300 3965 dendap.
322 3899 364 3951 97.
374 3908 428 3965 ,et
445 3896 540 3951 ibidem
558 3900 687 3969 Supplem.
707 3905 741 3954 ad
759 3904 813 3954 vol.
834 3902 853 3953 l
875 3918 900 3968 p
920 3901 946 3954 6

242 3983 267 4048 t)
287 3939 392 4037 Recueil
410 3986 442 4036 de
460 3984 584 4052 quelques
602 3983 738 4040 medailles
754 4003 878 4089 greeques
897 3983 1017 4038 ineditos.
1029 3985 1116 4083 llotne
1136 3988 1212 4041 1812.

115 4093 121 4101 ·
175 4069 228 4121 tab.
249 4068 269 4118 l.
294 4067 343 4121 No.
364 4071 388 4165 l.
990 4086 993 4091 ’

990 4104 1011 4220 ι
