2760 4754
512 311 717 357 urnuconuu
733 313 856 358 uuum:
1140 295 1207 364 tta

168 456 353 540 lispomam,
365 457 503 523 sustinuit
515 459 599 524 iussu
617 460 843 544 imperatoris&
859 470 863 477 ”
889 459 967 526 Octo
989 461 1094 528 milites
1115 465 1206 528 inter·

151 554 301 643 ‘prelatus
323 559 372 625 ille
394 571 442 624 est
460 561 496 624 de
518 573 585 626 octo
607 563 824 628 foederatorum
847 564 988 644 ducibus,
1011 586 1134 648 quornm
1154 588 1207 629 no·

168 662 249 726 mina
277 662 430 747 proposuit
456 659 588 729 Velleius
600 669 639 748 1).
686 661 784 747 Caput
805 677 977 730 coronatum
999 667 1131 731 nonnulli
1153 688 1205 752 pro

167 763 358 849 Apolline
380 765 554 844 babuerunt,
579 767 631 830 sed
653 766 751 850 obstat
764 768 872 832 monile
886 779 917 831 et
930 768 1054 831 inauris.
1092 767 1154 832 Alii
1170 770 1205 833 de

167 863 332 930 Bellona
353 866 558 949 cogitaverunt
571 878 746 951 argumento
758 889 833 933 sane
846 868 937 932 nullo.
961 867 1123 934 Eekbelius
1138 892 1205 934 sen·

167 968 290 1032 tentiam
305 991 366 1033 non
380 969 542 1052 proposuit.
573 965 607 1032 si
621 980 802 1053 reputamus,
826 971 924 1034 socios
939 970 968 1033 id
974 971 1121 1036 »habuisse
1136 995 1206 1037 oon·

167 1069 246 1148 silii,
280 1081 312 1134 ut
330 1068 488 1134 Italiam
516 1072 676 1136 conderent
698 1093 881 1136 communem
902 1083 933 1136 et
951 1072 982 1136 in
1002 1073 1068 1137 loco
1089 1072 1205 1139 Romae

167 1192 243 1254 quac
265 1193 325 1236 una
343 1170 487 1255 rogitabat
510 1183 664 1257 ponerent,
688 1193 742 1238 eos
756 1174 823 1238 ideo
838 1173 940 1237 urbem
955 1174 1083 1238 foederis
1098 1177 1205 1261 prima-

167 1273 243 1343 riam
264 1272 442 1340 Italicam
464 1294 668 1361 nuncupasse,
692 1295 726 1338 se
747 1288 845 1340 autem
866 1276 947 1360 ipsos
967 1274 1151 1357 Italicos,
1174 1279 1206 1343 in

167 1376 294 1440 nummis
316 1399 376 1441 non
397 1378 586 1461 intelligitur,
615 1376 699 1441 cuius
721 1377 770 1441 dei
790 1378 902 1443 deaeve
922 1390 1147 1464 repraesentata
1168 1382 1207 1445 sit

167 1476 294 1561 imago,
308 1490 427 1562 praeter
447 1480 539 1564 ipsius
558 1469 715 1557 ltaliae,
744 1481 918 1564 praesertim
939 1502 1026 1564 quum
1048 1481 1078 1544 ιιι
1099 1503 1207 1546 nomen

168 1578 344 1664 adscriptum
370 1581 496 1665 legatur.
540 1580 640 1646 Etiam
663 1582 773 1648 certius
794 1583 898 1666 reliqui
917 1583 980 1669 typi
1008 1583 1064 1648 hoc
1086 1571 1206 1649 demon·

167 1690 364 1745 m..
1281 1765 1284 1769 ⁴

251 1783 286 1849 2.
305 1781 425 1849 Μιιιίιι
443 1785 533 1850 armis
553 1786 702 1863 insidens„
726 1787 832 1850 dextra
846 1786 963 1850 hastam
977 1797 1095 1886 teneus,
1119 1785 1207 1853 aVi-

167 1885 261 1950 ctoria
276 1898 454 1966 coronatur,
476 1887 583 1952 inlra
574 1909 606 1951 m
620 1888 768 1952 nonnullis
783 1888 926 1973 exemplis
941 1910 1038 1952 ursum
1057 1889 1087 1973 )(
1109 1877 1208 1974 Caput
1247 1935 1248 1938 ,
1345 1934 1348 1938 -

167 1987 309 2054 muliebre
322 1989 536 2068 laureatum,
527 1991 606 2054 mlra
621 1989 774 2072 aliquoties
790 2012 887 2054 mmm
903 1986 980 2071 (No.
998 1987 1083 2078 42..)
1149 2031 1154 2037 »

130 2140 134 2167 ,
251 2089 284 2155 3.
308 2087 366 2155 Vir
380 2091 550 2156 seminudus
564 2090 710 2174 galeatus,
734 2092 841 2156 denua
855 2090 971 2154 hastam
986 2072 1102 2169 tenens,
1121 2062 1207 2159 intuta¹

167 2203 269 2259 taurus
283 2194 457 2260 recumbens
472 2195 503 2277 ι(
519 2190 616 2278 Caput
629 2192 780 2257 muliebre
788 2194 952 2257 lameatum
966 2213 1033 2256 cum
1048 2181 1206 2280 epigraphe

168 2321 258 2366 osca:
282 2297 416 2369 Vitellis
429 2302 508 2389 (No.
524 2301 606 2388 la).
637 2301 781 2387 Apertum
804 2313 861 2383 est,
886 2302 935 2366 hic
952 2323 1015 2365 non
1030 2302 1066 2366 de
1080 2303 1206 2389 impera·
1306 2288 1312 2295 ’

167 2422 236 2476 ture
252 2413 350 2496 aliquo
370 2411 541 2478 Vitellio
562 2424 615 2478 aut
634 2409 801 2477 Veturio
824 2412 1010 2496 cogitandum
1025 2431 1106 2490 esse,
1130 2414 1207 2495 quod

167 2511 329 2583 Eckhelius
351 2514 458 2597 allique
472 2517 649 2594 voluemmt3
673 2517 725 2578 sed
740 2516 811 2579 illud
826 2533 933 2579 nomen
948 2534 1050 2577 oscum
1064 2524 1112 2577 est
1131 2512 1207 2587 Ita·

168 2614 255 2678 liae.
276 2614 466 2702 Etymologia
479 2617 607 2680 nominis
622 2615 726 2680 Italiae
742 2638 760 2680 a
775 2616 893 2681 vitulo
909 2615 1014 2678 (luctae
1028 2625 1101 2678 nota
1115 2619 1205 2699 est²)a

169 2711 265 2797 Quae
277 2728 375 2781 autem
396 2718 527 2782 clausula
547 2719 580 2783 in
606 2717 631 2784 ιι
652 2718 773 2784 difficilis
796 2718 865 2782 olim
887 2717 953 2780 visa
974 2726 1021 2780 est
1041 2716 1204 2800 explicatu,

170 2827 257 2892 bodie
271 2849 331 2892 non
347 2829 469 2914 amplius
483 2837 569 2914 parat
581 2827 741 2913 negotium.
769 2825 852 2892 Nam
865 2823 890 2892 ιι
904 2848 970 2890 eum
984 2837 1103 2910 puncto,
1121 2828 1208 2910 quale

167 2938 198 3000 in
213 2939 340 3003 nummis
359 2940 493 3005 omnibus
502 2940 649 3017 cernitur,
673 2937 833 3022 respondet
845 2937 877 3001 in
891 2932 1146 3001 latina‘Oscorum
1159 2937 1208 3002 liu

166 3050 298 3104 teratura
310 3042 408 3105 vocali
419 3064 443 3120 ¹o,
449 3065 458 3122 3
482 3064 548 3107 enm
563 3052 661 3106 autem
682 3060 704 3106 o
726 3060 827 3104 oscam
842 3060 896 3123 pro
910 3060 1034 3102 romana
1048 3060 1067 3102 a
1080 3041 1207 3123 positam

166 3163 234 3206 esse
247 3143 280 3207 in
294 3143 475 3208 nominativo
490 3143 649 3228 singularis
665 3140 808 3221 feminini,
826 3151 944 3206 constat
957 3162 999 3205 ex
1013 3140 1113 3205 tabula
1123 3139 1207 3206 Ban·

166 3245 249 3321 tina,
281 3245 332 3308 nbi
353 3245 481 3330 exempli
504 3265 594 3311 causa
615 3245 759 3329 legimus:
796 3245 916 3308 molto
937 3254 1071 3309 etanto
1093 3246 1208 3309 estun

167 3368 241 3430 proc
264 3346 379 3409 multa
400 3356 509 3410 tanta
530 3357 613 3410 esto
624 3350 664 3430 8-).
685 3385 696 3393 ¹·
709 3342 809 3430 Caput
830 3346 994 3410 laureatum
1008 3346 1086 3409 idem
1101 3357 1206 3410 estate
1251 3426 1255 3436 Ι

167 3469 222 3531 que
237 3448 279 3526 id,
303 3448 387 3510 iuxta
402 3448 478 3530 quod
493 3449 632 3532 scriptum
646 3446 812 3527 Italia,
803 3471 825 3509 1.
843 3466 872 3509 e
890 3457 977 3531 caput
990 3443 1136 3509 Italiae
1151 3449 1206 3524 sub

167 3550 328 3615 mulierisf
326 3570 408 3614 orma
423 3561 676 3634 repraesentatae.
706 3546 835 3634 Atqne'
826 3569 886 3611 ram
907 3547 976 3610 bino
991 3557 1072 3640 certo
1088 3548 1210 3611 conclu
1296 3568 1298 3572 ’

167 3653 262 3731 ditur,
286 3672 434 3716 nummum
457 3672 474 3715 a
496 3649 653 3718 Swintnno
662 3651 799 3736 primum
819 3647 1014 3734 prolatum,
1005 3668 1037 3711 ιι
1058 3669 1117 3731 qno
1139 3660 1207 3713 ests

236 3872 1127 4029 ssmmmomufflmwc

237 4042 382 4108 3)lilcnzc
401 4045 493 4100 ltleine
512 4045 686 4114 Schriuenp
707 4049 749 4101 43
770 4049 812 4101 tt.
881 4106 887 4110 ,
924 4107 927 4110 .
1048 4108 1069 4114 ,Ι
1108 4121 1113 4128 x
