2760 4754
575 368 582 378 ¹
598 322 825 365 enumerantes.
1138 305 1205 370 tta

168 468 251 532 brioa
274 469 370 552 posita
388 468 439 545 sit,
470 489 540 531 num
563 479 699 533 etruscae
725 470 787 532 sint
806 471 929 555 originis
942 472 1015 556 ipsa
1034 471 1137 550 verba,
1167 493 1206 536 ao

167 569 283 633 scribae
297 580 416 641 ,tantum
437 590 522 633 error
542 570 593 648 sit,
615 571 749 653 equidem
765 572 924 637 diiudicare
939 595 999 637 nou
1014 573 1120 637 ausim.

250 669 295 736 N.
319 669 457 735 Formam
478 671 751 756 palaeographioam
775 673 860 738 huius
882 675 999 771 litterae
1018 684 1121 767 postea
1144 694 1207 738 mu·

167 792 258 844 totam
273 781 406 844 videmus
422 781 458 844 ad
481 780 647 865 exemplum
670 802 703 844 m
725 782 853 847 litterae.

250 887 292 952 R.
316 885 421 952 Umbri
443 900 474 952 et
488 885 561 955 Osci
583 890 716 977 litteram
732 890 868 955 caninam
892 888 1039 955 habehant
1058 912 1151 975 aeque
1172 913 1207 954 ac

112 1047 116 1049 Δ
165 989 307 1055 Romani.
353 987 457 1054 Umbri
482 1012 547 1068 eam
574 1013 646 1076 prae
674 993 739 1057 aliis
768 994 954 1072 adamahant,
994 1014 1086 1077 eaque
1113 993 1208 1076 magis

166 1093 319 1176 magisque
336 1083 370 1155 ¹iu
390 1092 645 1156 terminationibus
668 1093 714 1157 usi
736 1105 806 1157 sunt
819 1095 873 1178 pro
889 1117 903 1158 s
925 1096 1035 1173 littera,
1058 1116 1115 1177 qua
1128 1094 1160 1156 in
1173 1113 1207 1157 re

169 1195 300 1257 maxime
314 1195 472 1278 conspicua
487 1205 534 1258 est
543 1181 746 1278 ¹discrepantia
762 1197 897 1278 antiquae
912 1207 943 1260 et
956 1197 1130 1260 recentioris
1146 1196 1208 1258 dia-

167 1305 248 1367 leeti.
293 1303 395 1367 Habes
410 1304 488 1366 enim
503 1306 533 1366 iu
548 1303 647 1367 latinis
662 1299 769 1368 tahulid
791 1305 948 1394 courtier,
977 1312 1083 1394 lotar,
1105 1302 1206 1371 iioui·

166 1443 247 1508 arar,
276 1417 447 1507 deradice,
477 1419 659 1508 recitator,
686 1422 794 1510 oerir,
816 1421 1001 1517 trcplnair,
1023 1419 1206 1507 lanceolam,

166 1534 313 1624 vediier,
337 1560 390 1624 pro
413 1539 558 1622 antiquiss
583 1535 742 1630 martios,
770 1547 876 1632 tutas,
905 1536 1078 1630 iltuvinas‚
1106 1535 1207 1606 laure-

167 1635 248 1744 ties,
269 1652 477 1742 nummatas,
496 1678 610 1744 veros,
632 1654 822 1750 treplanes,
843 1654 1038 1748 tesenaltes,
1059 1652 1205 1725 vehiies.

168 1762 265 1848 Quam
288 1767 402 1849 quidem
426 1767 541 1830 dialecti
563 1769 755 1833 mutationem
778 1771 889 1835 iamin
912 1770 1013 1854 quinta
1032 1769 1132 1832 tabula
1145 1791 1208 1831 um-

167 1878 249 1943 brica
283 1873 397 1962 reperis
427 1877 458 1939 iu
487 1875 607 1940 verbis:
645 1860 810 1968 atiimier,
843 1871 1011 1968 atiier'iur,
1045 1872 1205 1966 ltluviier‚

168 1989 357 2089 unipener,
387 1991 517 2088 tupler7
547 1990 682 2088 triplam
712 1997 752 2059 al.
776 2007 811 2075 ¹).
843 1995 878 2062 ln
893 1996 1036 2083 principio
1050 1997 1210 2092 verborum*

167 2109 215 2171 vel
236 2108 267 2169 in
289 2107 392 2170 mediis
413 2106 520 2170 verbis.
533 2129 594 2170 non
616 2106 860 2192 deprehendimus
881 2109 935 2173 has
955 2107 1068 2173 litteras
1084 2106 1162 2172 inter
1176 2129 1208 2170 se

168 2220 373 2275 commutatas,

251 2328 293 2393 R.
318 2323 401 2390 llaec
422 2327 520 2390 littera
543 2338 611 2391 ante
641 2324 682 2391 0.
709 2325 868 2392 Miillerum
897 2327 933 2391 ab
958 2328 1092 2391 omnibus
1115 2348 1169 2411 pro
1194 2349 1210 2390 r

168 2429 267 2494 habita
282 2440 338 2507 est,
357 2429 489 2512 qaramvis
504 2431 686 2493 maximesit
703 2432 832 2494 diversa.
856 2427 891 2494 ln
907 2429 1012 2494 tabulis
1027 2429 1126 2493 latinis
1141 2429 1207 2493 loco

166 2538 232 2604 eius
261 2541 333 2603 duas
362 2538 455 2604 habes
479 2551 676 2610 consonantes
707 2563 759 2604 rs:
784 2534 897 2628 hodie,
927 2533 1087 2627 larinate,
1117 2532 1206 2630 pide,

167 2639 300 2752 Pedaia,
328 2649 456 2742 ltar'itu,
485 2651 573 2743 tera,
601 2652 725 2746 terum,
754 2650 905 2746 lralerul}
933 2649 1042 2745 zeias,
1071 2649 1207 2742 sudum,

168 2768 270 2870 pure,
313 2768 446 2867 lapide,
490 2765 592 2868 pedu,
623 2776 661 2840 al.
696 2771 815 2864 deorse,
866 2773 1065 2862 taroioater,
1098 2770 1207 2866 pirae,

165 2891 322 2987 perseia,
349 2890 496 2979 domita,
522 2891 639 2981 derra,
659 2891 800 2984 dimanat,
828 2889 981 2983 dolerem,
1009 2913 1113 2982 serae,
1133 2911 1208 2959 eor·

168 3033 254 3101 som,
280 3009 390 3103 porri,
422 3007 572 3103 inopine,
598 3034 715 3102 perso.
795 3010 801 3058 ’-

257 3119 357 3187 Sonus
378 3123 468 3204 igitur
487 3122 600 3184 medius
623 3122 715 3185 luisse
736 3123 815 3184 iuter
835 3142 852 3183 r
871 3131 902 3183 et
922 3119 1079 3199 sudetur,
1095 3121 1144 3184 vel
1159 3142 1211 3206 po·

171 3226 228 3288 tius
251 3245 268 3286 r
292 3223 391 3287 littera
412 3223 548 3306 lingualis
576 3223 723 3307 paululum
745 3223 893 3306 aspirata3
918 3223 1054 3286 fortassis
1079 3222 1169 3286 etiam
1193 3223 1211 3285 d

171 3334 286 3417 litterae
301 3355 361 3398 non
375 3355 497 3418 prorsus
513 3332 661 3418 dissimilis
678 3334 742 3411 ruit,
760 3333 789 3397 id
805 3333 882 3415 quod
896 3352 937 3395 ex
952 3353 1040 3396 oscae
1055 3332 1171 3396 litterae
1187 3325 1211 3395 d

171 3447 266 3508 forma
281 3455 311 3508 et
325 3466 399 3508 sono
416 3443 519 3525 aliquis
536 3443 707 3506 coniecerit.
753 3440 912 3505 Diversam
934 3452 1032 3504 tamen
1055 3461 1209 3530 aromaca

171 3555 188 3616 d
211 3554 301 3618 luisse
331 3553 421 3616 latina
447 3549 627 3616 Umbrorum
656 3551 820 3616 litteratura
842 3552 1010 3627 edocemur,
1041 3550 1072 3612 in
1101 3569 1157 3630 qua
1189 3541 1208 3608 d

172 3692 320 3753 nunquam
336 3691 390 3754 pro
413 3663 431 3732 r
452 3670 546 3751 posita
567 3681 624 3734 est.
656 3666 769 3733 Verum
783 3670 873 3733 etiam
888 3688 1028 3731 romanae
1043 3668 1158 3730 litterae
1172 3687 1210 3729 rs

171 3788 320 3871 antiquum
343 3780 489 3850 isonam
512 3807 635 3869 prorsus
657 3807 785 3869 aequare
807 3798 865 3851 non
881 3790 1048 3870 potuerant,
1074 3784 1210 3866 quoniam

171 3965 378 3976 ——W

244 4067 270 4129 l)
287 4065 353 4117 Vide
366 4067 435 4118 Dias.
451 4070 483 4119 de
496 4047 578 4121 ΤαΒίι.
594 4059 693 4133 Βυςιιὴῤ
714 4086 737 4135 p.
753 4069 785 4120 85
798 4084 853 4135 sqq.
885 4032 902 4061 Ἠ
1012 4029 1015 4059 ³
