2760 4754
472 306 653 383 nonnosus
676 330 885 384 oonsrsorns.
1139 318 1209 388 133

170 484 222 547 nia
244 484 353 546 laetum
376 501 405 544 a.
428 480 504 558 274,
528 481 661 566 inseripti
682 503 841 561 rsrsrsnoq
865 482 1049 561 Arimini,
1073 487 1206 554 roloniae

170 586 240 649 inde
262 583 299 651 ab
322 605 399 650 anno
420 582 504 668 269,
526 604 649 672 quorum
671 584 828 674 epigraphe
850 595 897 659 eal
918 607 1047 665 esemel
1068 585 1206 673 ‚Aeser-

170 687 258 758 niae
281 686 378 748 solon.
397 707 425 749 a.
441 681 506 750 259
527 684 559 748 in
580 684 683 768 quibus
698 686 805 770 legitur
818 708 973 764 sessanum
988 698 1019 751 et
1032 711 1204 767 voncsnon3

169 788 295 874 denique
317 788 427 853 nummi
438 775 551 870 ,quibua
565 787 738 874 inscriptum
753 799 816 858 esta
841 813 970 861 suusne.
1004 791 1113 873 Neque
1129 792 1205 854 enim

169 889 285 957 Romae
307 890 328 956 ii
350 910 417 953 esse
439 901 582 976 possunt,
626 888 679 957 sed
700 889 814 959 urbium
841 893 919 959 haud
946 895 1049 978 prooul
1070 894 1205 973 sparum,

125 1013 133 1029 ·
170 1013 244 1076 quas
264 991 315 1055 illa
337 992 393 1059 sibi
414 991 592 1073 subiecerat.
1015 1013 1022 1029 *
1138 1050 1146 1059 .

253 1091 317 1159 lam
339 1104 371 1158 ut
392 1115 452 1159 uuo
472 1094 504 1162 in
526 1103 685 1179 conspeetu
707 1095 805 1163 omnia
820 1095 942 1177 videas,
973 1097 1049 1166 hane
1064 1117 1140 1181 pono
1163 1101 1206 1181 tass

168 1195 284 1261 hulam:
927 1193 929 1201 ’

182 1341 185 1345 ’
211 1318 246 1396 o)
261 1312 332 1379 AR.
358 1336 424 1381 eum
439 1313 566 1382 diversis
580 1314 670 1400 typis.
756 1317 790 1396 b)
806 1316 861 1386 [Ε.
879 1327 982 1385 noros
995 1317 1028 1403 )(
1041 1315 1150 1400 Apollo

276 1439 303 1484 e.
321 1413 515 1483 330-211.
856 1441 884 1485 e.
902 1416 1094 1498 eae-2112

276 1515 392 1589 Suessa
405 1517 548 1586 Aurunca
563 1519 618 1586 eol.
635 1515 706 1586 331.
852 1515 1132 1591 SuessaAurunes.

275 1616 366 1689 Celes
381 1621 438 1684 ool.
457 1617 529 1687 331.
847 1617 941 1690 Cales
1176 1633 1178 1636 ’

227 1730 233 1741 “
272 1719 409 1788 Teanum
432 1718 593 1791 Sidicinum
845 1721 982 1792 Teanum

338 1825 461 1892 subiect
477 1822 551 1891 331.
848 1823 998 1894 Aesernia
1018 1827 1078 1895 eol.
1100 1825 1164 1896 259

253 1954 255 1958 ⁸
275 1923 355 1993 Sora
368 1926 427 1989 ool.
444 1923 520 1992 3134
853 1923 1064 2012 Compulteria.

212 2051 244 2127 e)
267 2044 323 2110 AE.
341 2044 434 2129 gallus
450 2047 482 2125 )(
496 2041 646 2111 Minerva.
682 2077 684 2088 ·
754 2043 789 2122 ul)
811 2043 868 2110 AE.
893 2066 958 2108 oum
974 2046 1101 2110 diversis
1116 2049 1204 2134 typis.

187 2213 192 2223 ,
273 2148 340 2214 inde
357 2148 393 2210 ab
409 2167 487 2210 anno
501 2145 576 2209 211.
850 2145 1090 2219 oeae-211.

171 2255 177 2274 ‘
273 2246 386 2313 Suessa
399 2249 553 2315 Amunea.
852 2245 965 2312 Suessa
978 2248 1124 2319 Pometia.

275 2349 377 2417 Cales.
776 2383 777 2387 ¹
851 2347 990 2414 Paestum
1004 2353 1063 2415 ool.
1080 2351 1156 2418 274.

274 2453 419 2518 Teanum.
739 2496 743 2502 ι
849 2451 1017 2518 Ariminum
1032 2455 1089 2518 eol.
1105 2453 1181 2520 239.

275 2556 434 2638 Aquinum.
849 2554 995 2623 Aesernia
1010 2557 1068 2620 ool.
1086 2554 1160 2621 259.

276 2654 404 2722 Caiatia.
496 2744 497 2747 Ἴ

232 2793 265 2860 6.
288 2793 411 2860 Nummi
426 2798 620 2867 samnitici
634 2821 688 2885 per
702 2798 808 2864 ballum
824 2799 933 2862 sociale
949 2819 977 2865 a.
995 2793 1121 2863 98-91
1138 2804 1206 2860 aute

169 2895 322 2963 Christum
341 2898 403 2963 ousi
419 2901 552 2988 argentei
567 2895 669 2969 omnes
685 2913 765 2984 suut,
790 2901 849 2964 stili
864 2901 993 2989 plerique
1012 2899 1107 2967 minus
1122 2897 1203 2963 boni.

199 3075 205 3082 ,
251 3009 283 3081 a)
307 3002 364 3065 dno
380 3004 489 3066 nummi
504 2989 614 3069 diversi
636 3029 701 3070 eum
717 3004 874 3089 epigraphe
894 3004 1002 3067 latinae
1026 2999 1163 3081 Italia,
1188 3007 1206 3066 a'

167 3101 256 3168 soeiis
279 3113 310 3166 ul
323 3104 439 3168 videtur
454 3088 528 3185 ensi,
553 3107 601 3191 qui
616 3107 846 3191 septentrionem
860 3126 965 3169 versus
981 3103 1162 3178 habitabant.
1198 3152 1200 3158 .

254 3213 288 3297 b)
310 3213 367 3276 duo
389 3215 497 3278 nummi
519 3216 629 3283 diversi
650 3239 720 3283 osee
748 3202 880 3300 inseripti
907 3208 952 3282 G.
983 3210 1102 3309 Paapi.
1157 3206 1205 3319 G}

165 3323 272 3396 Mutil
297 3323 488 3419 ombrotur,
516 3346 590 3414 quos
605 3355 623 3398 a
637 3337 727 3403 sociis
742 3357 829 3402 ursos
845 3355 912 3399 esse
927 3333 1078 3418 probabile
1093 3345 1140 3401 est
1153 3334 1201 3413 iis.

167 3428 217 3524 qui
230 3449 327 3507 terras
340 3439 488 3509 annuales
500 3442 651 3514 emebant.

583 3753 789 3770 -u--r—-n-
