2760 4754
486 341 592 386 nummu
613 334 879 386 ammanium.
1137 319 1207 388 120

168 525 216 567 ou
245 503 377 583 oonsole,
401 523 476 588 quae
498 525 585 590 supra
608 506 645 569 ad
667 526 803 570 nummos
826 492 958 570 Snessae
979 503 1132 572 Pometiae
1154 527 1206 573 aa·
1235 524 1237 528 ’

168 604 283 669 notavi.
1121 611 1125 618 '

253 704 303 770 Ad
332 726 465 770 nummos
495 709 740 792 transapenninos
767 708 874 796 reiemi
890 708 1042 773 ¹oiobeuent
1060 710 1150 774 etiam
1169 711 1203 788 ii,

168 806 273 890 quibus
288 828 366 872 onan
379 807 549 893 inscriptum
564 809 682 894 iegitur.
704 808 804 875 Dubia
816 821 917 876 tamen
931 809 1002 873 mihi
1017 831 1119 875 eorum
1134 813 1206 876 fides

125 930 131 940 “
168 919 216 972 εει
236 919 355 993 propter
376 910 430 974 has
453 931 571 975 causas.
616 911 813 996 Exemplum,
845 912 921 995 quod
942 913 1098 996 expressi,
1123 914 1206 997 quin·

168 1010 270 1074 ouneis
291 1008 485 1075 Berolinensa
506 1011 582 1099 (tab.
595 1009 709 1076 XXX.
732 1011 798 1078 No.
815 1011 885 1096 53.)
905 1033 1024 1077 aeneum
1039 1024 1086 1078 est
1100 1025 1130 1080 et
1143 1035 1206 1079 mo·

169 1111 266 1177 dulum
281 1112 404 1179 haberet
418 1112 546 1176 omnium
562 1135 634 1196 quos
649 1114 796 1194 novimus,
821 1114 983 1178 minimum.
1006 1114 1086 1180 Hine
1100 1117 1206 1182 aetatis

169 1232 236 1277 esse
265 1235 399 1277 nummos
428 1225 603 1299 sequeretur
631 1215 704 1279 satis
733 1216 881 1295 recentis,
919 1236 978 1299 qua
1004 1238 1070 1280 oum
1092 1217 1206 1302 origine

168 1324 268 1378 tamen
289 1315 372 1378 stilus
395 1337 455 1379 non
477 1317 627 1380 convenit.
666 1312 745 1380 Sunt
765 1317 920 1401 exempla,
950 1316 982 1380 in
1004 1339 1127 1402 quorum
1147 1302 1207 1384 una
1252 1360 1255 1365 -

168 1427 251 1502 panta
271 1438 348 1483 oaau
369 1417 475 1482 litteris
497 1418 614 1498 latinis,
637 1419 669 1482 in
690 1418 784 1483 altera
799 1421 864 1482 ΑΩ
885 1417 1038 1502 graecis1)
1054 1419 1206 1485 elementis

168 1517 308 1602 seriptum
323 1529 379 1583 εει.
407 1517 525 1584 Rursus
540 1521 663 1585 alionum
679 1521 837 1607 epigraphe
852 1541 962 1604 graeca
976 1521 1101 1585 habetur
1114 1522 1205 1587 haeae

173 1622 294 1681 OPPA
315 1630 346 1684 et
365 1624 398 1682 A
404 1623 573 1685 ΟΚΡΩΝ.
607 1621 690 1688 Talis
711 1643 784 1687 veno
807 1622 944 1700 variatio,
969 1621 1132 1706 ubieunque
1147 1633 1204 1702 εει,

169 1720 310 1801 offendit;
352 1722 415 1787 eius
437 1744 475 1787 ne
497 1745 584 1787 unum
607 1725 722 1807 quidem
745 1735 856 1788 eertum
877 1724 1018 1788 habemus
1040 1723 1207 1808 exemplum

110 1840 113 1845 ’
168 1823 200 1887 in
213 1821 310 1888 Italia.
347 1822 417 1889 Neo
438 1825 582 1889 obscurae
603 1837 673 1890 sunt
694 1827 758 1890 eius
777 1825 823 1891 rei
838 1846 957 1890 causae.
977 1821 1072 1888 ‘Tum
1086 1826 1207 1889 nonin-

168 1924 326 2008 talligitur,
358 1948 414 2010 quo
436 1927 523 1990 modo
545 1926 643 1992 littera
665 1948 789 1992 romana
808 1924 858 2006 R,
882 1945 957 2010 quae
979 1941 1096 2008 graeca·
1109 1927 1209 2012 prisea

169 2047 237 2092 esse
265 2027 384 2111 nequit,
419 2025 527 2093 Locris
556 2029 633 2093 tradi
662 2028 806 2114 potueiit,
843 2027 901 2092 nisi
929 2027 959 2091 id
987 2047 1040 2112 per
1062 2028 1207 2093 coloniam

168 2118 321 2195 romanam
343 2129 451 2193 factum
474 2150 541 2194 esse
554 2141 694 2208 statuas,
733 2131 769 2195 de
791 2150 848 2212 qua
874 2127 947 2194 nihil
967 2148 1096 2212 unquam
1116 2129 1207 2195 tradi·

167 2242 228 2296 tum
251 2242 308 2296 εει.
859 2284 864 2293 ,

252 2331 438 2397 Lucania.
461 2329 689 2411 Posidonia,
711 2329 904 2397 Paestum.
928 2328 1051 2396 Nummi
1065 2333 1208 2417 antiquus·

168 2434 235 2500 simi
249 2436 424 2522 epigraphes
439 2435 566 2500 habent:
595 2433 678 2500 Pas.
701 2431 814 2499 Pose.
838 2431 967 2498 Posui.
992 2433 1098 2499 litteris
1120 2454 1207 2519 gnae·

160 2521 212 2601 'eis
226 2538 363 2601 vetustis.
400 2534 436 2600 In
450 2537 569 2621 reliquiis
584 2536 732 2601 recentior
747 2547 829 2600 aetas
845 2557 911 2599 enm
925 2533 1089 2600 litterarum
1103 2536 1207 2601 formis

170 2638 317 2722 congruit.
351 2632 436 2706 Urbs,
455 2659 484 2700 a.
507 2635 571 2702 274
593 2636 708 2700 colonia
728 2638 887 2720 romana2)
903 2637 981 2699 faeta
996 2645 1053 2699 εει.
1098 2633 1147 2698 Ah
1170 2657 1206 2705 eo

169 2739 238 2803 iude
252 2750 382 2826 tempore
398 2737 508 2801 nummi
521 2737 683 2816 habentur,
708 2737 812 2822 quihus
835 2738 1008 2831 insoniptum
1023 2747 1086 2801 est:
1117 2734 1206 2799 Pai-

169 2852 304 2920 stano,
338 2836 482 2919 Paiso,
507 2837 651 2919 Pausa,
678 2830 718 2904 al'.
731 2843 771 2921 ³).
816 2839 858 2904 Ει
872 2840 986 2926 priores
1009 2838 1125 2923 quidem
1146 2837 1206 2903 stili

166 3013 373 3027 W

237 3133 262 3198 1)
280 3130 389 3184 Eokhal.
410 3130 429 3183 l.
449 3149 473 3198 p.
497 3134 554 3186 tat.

235 3217 263 3284 2)
281 3217 376 3270 Vellei.
397 3219 417 3269 l.
439 3219 481 3271 14.
518 3218 575 3271 Liv.
595 3236 635 3287 ep.
654 3218 727 3274 xlv.

235 3303 264 3369 3)
282 3304 414 3356 Classicus
437 3301 482 3354 ilie
507 3312 548 3355 εει
569 3305 720 3357 Aristoxeni
743 3305 817 3355 loeus
840 3303 872 3353 de
895 3302 1038 3354 mutatione
1061 3301 1204 3352 incolarum

167 3389 264 3454 Paesti,
284 3405 326 3455 ap.
340 3389 433 3440 Athen.
448 3386 520 3440 XIV.
536 3406 561 3456 p.
577 3390 636 3444 632.
649 3388 686 3441 A:
704 3384 808 3455 Διόπερ
816 3384 999 3454 Ἀριστόξενος
1011 3383 1039 3437 ἐν
1051 3386 1206 3452 συμμίκτοιι

167 3471 356 3540 συμποτικοῖς,
375 3465 487 3539 ὅμοιον,
506 3477 588 3542 φησι,
610 3471 743 3540 ποιοῦμεν
759 3465 1003 3530 Ποσειδωνιάταις,
1020 3468 1078 3522 τοῖς
1094 3467 1122 3520 ἐν
1140 3473 1205 3536 Τυρ-

167 3557 264 3626 σηνικῷ
280 3555 371 3625 κόλπῳ
388 3559 568 3622 κατοικοῦσιν,
595 3553 636 3613 οἷς
652 3559 748 3626 συνέβη
765 3553 866 3623 τὰμὲν
883 3552 913 3617 ἐξ
930 3552 1012 3623 ἀρχῆς
1021 3548 1144 3618 Ἕλλησιν
1161 3546 1207 3605 oui·

167 3663 208 3697 σιν
224 3641 496 3715 ἐκβεβαρβαρῶσθαι,
522 3643 668 3716 Ίιιρῥηνσῒς
683 3639 865 3710 ἢῬοιμαιόις
881 3635 1017 3708 γεγονόσι,
1046 3642 1091 3689 καὶ
1107 3633 1157 3702 τήν
1173 3655 1203 3689 τε

167 3727 259 3798 φωνὴν
274 3727 518 3800 μεταβεβληκέναι,
546 3726 581 3781 τά
597 3746 627 3781 τι
643 3724 727 3781 λοιπὰ
743 3726 806 3778 τῶν
819 3719 1054 3791 ἐπιτηδευμάτων·
1085 3715 1158 3791 ἄγειν
1173 3741 1203 3776 τι

165 3814 231 3880 μίαν
247 3812 307 3867 τινὰ
324 3811 420 3871 αὐτοὺς
442 3813 497 3867 τῶν
513 3813 615 3884 ἑορτσλν
630 3813 686 3865 τῶν
699 3807 856 3878 Ἑλληνικῶν
872 3807 912 3862 ἔτι
928 3813 973 3861 καὶ
984 3807 1046 3870 νῦν,
1064 3797 1127 3881 ἔκη’
1145 3826 1204 3860 συν-

166 3896 252 3955 ιόντος
269 3897 514 3968 ἀναμιμνήσκονται
529 3897 584 3952 τῶν
601 3895 718 3970 ἀρχαιων
734 3893 841 3949 ἐκείνων
857 3891 1045 3961 ὀνομάσαντι
1067 3896 1112 3944 και
1128 3895 1203 3961 νομί·

166 4000 238 4048 μων·
258 3981 496 4056 ἀπολοφυράμενοι
514 3980 543 4037 δὲ
559 3981 629 4056 πρὸς
646 3978 788 4050 ἀλλήλους,
811 3985 855 4032 καὶ
874 3973 1108 4049 ἇποδακριῗοαντει
1124 3975 1204 4047 ἄπλη-

166 4087 265 4135 χοντοιι.
301 4071 342 4124 Gi.
362 4071 455 4125 Voiioi.
477 4070 497 4136 1,
518 4073 559 4125 ιι
579 4070 706 4124 Cumanos
725 4067 793 4121 Osee
811 4066 922 4121 mutavit
939 4065 1073 4119 vicinitas.

977 4147 999 4212 9
