2760 4754
201 304 230 350 'x
636 297 830 351 annuum.

206 454 443 541 interpretabor,
466 453 689 538 quautumfieri
710 464 825 539 potest,
850 452 916 538 ipse
936 454 1006 519 olim
1026 453 1244 538 inscriptiones.

208 584 269 654 set
283 600 398 654 tuntum
412 589 508 670 abest,
529 596 563 654 ut
575 589 608 652 in
622 588 864 674 interpretatione
886 589 1068 674 singulorum
1088 590 1247 655 vernorum

182 789 184 792 ,
207 710 321 789 summa
335 724 374 788 sit
389 725 493 789 horum
507 725 669 790 studiorum
690 725 838 807 ponenda,
861 734 894 787 ut
916 743 952 787 ea
973 724 1016 787 uti
1031 725 1189 791 debeamus
1212 728 1249 791 ad

207 859 314 925 altiora
335 851 513 944 perficienda
533 870 565 924 et
592 858 743 944 graviora.
782 852 850 938 Qua
869 854 904 922 'in
925 879 962 923 rc
980 857 1015 925 N
1021 846 1246 939 icbnhrius,

205 993 316 1078 primus
330 994 409 1060 mam
424 1015 528 1059 veram
542 993 729 1071 monstravit,
753 1013 839 1077 quem
854 988 895 1057 0.
912 991 1105 1059 Miillerus
1127 995 1248 1080 egregio

205 1149 346 1196 successu
375 1129 529 1224 ingressus
558 1140 616 1196 est.
655 1127 734 1195 Tum
761 1127 950 1196 Rleuzius
970 1129 1087 1194 illorum
1113 1130 1248 1215 vestigiis

204 1263 321 1342 institit,
346 1275 377 1328 et
391 1287 478 1348 quum
492 1265 649 1330 immatura
662 1263 798 1332 morceis
814 1283 928 1347 quoque
943 1262 989 1327 his
1003 1265 1108 1328 studiis
1132 1275 1249 1351 ereptus

205 1409 296 1478 esset,
313 1400 463 1483 specimen
477 1412 577 1465 tamen
592 1399 711 1482 reliquit
724 1397 922 1482 gratissimum
937 1400 1100 1463 studiorum
1115 1421 1248 1482 suorum,

204 1532 280 1617 quod
295 1531 506 1599 Lachmannus
522 1557 587 1599 cum
603 1534 668 1600 aliis
683 1530 803 1599 fflennii
828 1533 976 1616 opusculis
997 1545 1065 1619 poet
1085 1535 1151 1601 eius
1169 1556 1249 1602 mou·

204 1677 263 1732 tem
279 1668 368 1771 edidit
377 1672 413 1754 1).
438 1665 587 1751 Schedue,
612 1690 685 1755 quas
700 1669 751 1736 ille
765 1667 890 1751 scriptas
912 1666 1030 1752 reliquit
1051 1670 1088 1733 ad
1111 1692 1249 1734 oscarum

203 1803 366 1867 litterarum
394 1805 620 1873 illustrationem
651 1814 820 1889 spectantes
849 1802 886 1866 ab
922 1803 1027 1869 eodem
1053 1801 1248 1868 Lachmanno
1310 1879 1312 1882 y

203 1938 274 2002 mihi
289 1939 422 2003 tradidae
438 1951 507 2003 sunt
521 1953 551 2007 et
565 1940 669 2026 partim
676 1902 773 2005 'etiam
788 1939 819 2002 in
834 1938 880 2004 his
900 1937 973 2021 ipsis
994 1940 1248 2007 commentationi-

202 2073 270 2151 hus,
294 2073 343 2140 uti
365 2074 401 2137 de
416 2074 583 2139 litterature
596 2096 669 2140 osca
682 2062 795 2156 dixi2),
823 2072 949 2154 aliquam
970 2075 1170 2156 praebuerunt
1191 2077 1248 2140 uti.

202 2207 325 2272 litatem.
355 2196 426 2272 Atia
442 2230 517 2290 quae
532 2209 564 2272 in
579 2209 703 2293 singulis
718 2209 796 2273 foliis
812 2230 830 2272 a
844 2205 971 2271 fflenzio
992 2219 1096 2274 notata
1120 2222 1190 2275 sunt
1211 2211 1248 2276 ad

182 2344 407 2428 ‘explicandam
423 2342 551 2407 tabulam
565 2341 735 2423 Bantinam,
761 2345 796 2406 de
812 2365 869 2426 qua
890 2345 954 2427 ipsc
981 2345 1051 2408 olim
1073 2346 1164 2420 munta
1184 2366 1247 2410 me-

82 2528 101 2554 „,
191 2456 271 2543 'cum
286 2479 558 2559 communicaverat
578 2480 627 2544 vir
644 2439 924 2557 desideratissimus,
941 2473 1105 2564 aliqnando
1126 2482 1159 2549 in
1178 2502 1260 2573 ver-N

201 2613 305 2679 borum
317 2613 563 2700 interpretatione
578 2637 644 2680 cnm
660 2617 757 2679 fructu
773 2615 887 2680 consuli
901 2625 1051 2701 poterunt.

618 2802 825 2815 nuum

285 2964 370 3029 Haeo
385 2968 495 3054 scripta
510 2980 605 3047 erant,
631 2990 719 3052 quum
730 2967 924 3032 novissimum
940 2966 1111 3050 opusculum
1125 2965 1205 3029 Ave
1215 2967 1245 3028 l—

199 3097 303 3168 linit:
328 3093 613 3187 Conghiettune
642 3123 760 3190 sopra
782 3102 847 3167 nn’
869 3097 1089 3164 iscrizione
1112 3099 1244 3165 sanni·
1306 3123 1310 3126 ’

200 3201 1241 3325 tica,letteall’rtooademiaEraolanesa,Napoti.
1297 3238 1299 3243 '
1362 3245 1369 3252 '

9 3417 14 3432 .
120 3454 125 3463 Ι
179 3341 361 3430 “1841.'40.
385 3344 560 3453 inscriptum
566 3336 613 3432 ad
628 3388 676 3434 me
697 3367 843 3456 pervenit,
869 3386 926 3450 quo
946 3351 1025 3429 edito
1040 3387 1114 3435 sane
1138 3367 1245 3452 optime

269 3602 296 3670 1)
314 3602 505 3670 Phiioiogische
523 3597 730 3674 Ahnandlungcn
750 3599 800 3660 von
817 3604 857 3658 ct.
875 3604 942 3669 Aug.
963 3603 1001 3656 C(
1012 3602 1120 3671 Eleum,
1141 3607 1246 3658 neruus-

200 3705 258 3758 geg.
276 3707 328 3744 von
345 3689 414 3753 lieri
426 3691 594 3755 Lachmann„
611 3695 710 3757 Berlin.
721 3693 797 3755 tuta.
818 3709 845 3760 p.
863 3692 914 3747 2³:
933 3689 986 3742 Des
1004 3690 1131 3747 Oskische
1150 3691 1246 3745 Gasotz

199 3775 247 3826 eui
265 3777 312 3826 der
330 3777 516 3828 Bantinischen
533 3778 619 3830 Tafei.
633 3796 659 3846 p.
674 3779 722 3830 55:
750 3777 804 3827 Zur
824 3775 980 3828 Gcsohiohte
1000 3778 1047 3826 der
1066 3777 1243 3829 altitnlischen

202 3858 401 3927 Volksstiimme‚
416 3863 559 3916 besonders
572 3866 636 3916 nach
650 3865 700 3915 den
713 3862 886 3916 Ueberresteu
899 3862 970 3913 ihrer
981 3862 1123 3930 Sprachen.

195 3984 197 3988 ·
215 3968 220 3977 “
267 3960 295 4022 2)
313 3959 379 4012 Vide
398 3961 467 4013 infru
485 3977 509 4030 p.
531 3963 589 4019 tta.
693 4024 696 4029 ,
