2760 4754
166 325 233 392 ull
541 343 582 386 nn
605 341 833 385 masmanna

251 489 297 556 bl.
320 488 432 555 Forma
452 487 698 575 palaeograpbiea
715 488 748 550 in
762 486 874 550 duabus
895 481 1105 567 antiquissimis
1119 482 1208 547 tabu-

167 597 203 661 lis
216 593 382 679 Eugobiuis
397 612 486 656 oseae
500 588 604 656 similis
619 600 682 669 est3
705 588 737 652 iu
751 587 839 652 tertia
860 596 891 650 et
909 597 1015 668 quarta
1026 584 1205 663 inclinatum

166 699 198 763 in
212 698 312 782 quinta
326 714 447 780 prorsus
462 704 509 757 est
522 691 678 777 peculiaris
699 695 748 769 A,
765 690 801 753 de
816 688 899 752 euius
915 687 1029 772 origine
1044 697 1075 750 et
1087 685 1205 751 ratione
1256 760 1260 767 Ἰ

166 796 411 885 palaeographiea
431 794 503 858 nihil
522 793 640 857 omuino
663 792 758 856 babeo
774 791 850 873 quod
865 789 971 853 dicam.
1018 784 1117 871 Quum
1132 787 1207 859 baec

167 894 495 964 notaolimabmlittera
504 894 733 970 abiudicaretur,
744 892 803 956 alia
817 890 911 954 eidem
920 890 996 954 salso
1010 888 1204 977 tribuebatm.

165 1004 314 1070 Nimirum
328 1004 360 1067 in
375 986 488 1069 duobus
502 1004 576 1068 loeis
592 1012 618 1083 ¹)
632 1002 725 1073 verba
740 995 815 1067 s‘alu
837 1012 868 1065 et
890 997 997 1067 s‘eritu
1012 1000 1136 1083 primam
1153 1018 1207 1063 ex-

167 1114 268 1178 hibent
288 1113 417 1177 litteram
442 1113 618 1177 simillimam
639 1131 780 1176 romanae
802 1108 857 1189 M;
889 1130 979 1193 quare
1002 1106 1207 1174 Groteien·

167 1224 271 1304 dus')
294 1221 397 1286 scribit
410 1231 442 1285 et
455 1221 585 1306 explicat
606 1215 699 1317 psalu
721 1232 752 1286 et
772 1214 912 1287 meritu.
945 1218 1031 1283 Haeo
1052 1228 1124 1282 nota
1139 1218 1209 1283 alibi

167 1353 227 1396 nou
248 1340 361 1406 exstat,
383 1350 479 1413 neque
493 1330 559 1416 ipsa
572 1331 676 1394 verba.
708 1327 859 1414 Siquidem
877 1348 984 1392 revera
997 1348 1054 1412 pro
1065 1330 1096 1392 m
1109 1348 1209 1393 roma

167 1454 206 1498 na
225 1433 322 1518 posita
340 1441 432 1509 esset,
457 1429 656 1497 Grotelendus
677 1452 751 1496 saue
773 1431 913 1516 optimum
934 1431 1043 1495 aliene
1065 1431 1211 1515 potuisset

167 1544 384 1618 argumentum,
401 1554 558 1615 quosnam
578 1534 745 1618 opinionem
767 1532 955 1596 confirmaret
976 1533 1013 1596 de
1025 1532 1164 1601 umbrieis
1178 1542 1209 1597 et

167 1634 266 1699 latinis
280 1633 388 1698 tabulis
403 1633 499 1698 eidem
513 1635 639 1720 tempori
653 1633 852 1719 assignandis.
898 1629 960 1697 Sed
980 1654 1030 1699 res
1052 1636 1142 1720 longe
1156 1634 1209 1699 ali·

168 1747 220 1821 ter·
234 1734 335 1798 habet.
372 1732 541 1820 Diligenter
562 1736 640 1800 enim
660 1748 792 1800 notatum
815 1735 896 1814 volo,
923 1736 1061 1805 litteram¹
1073 1737 1154 1801 illam
1166 1737 1210 1801 ita

167 1838 265 1901 lictam
286 1854 366 1914 esse,
387 1848 420 1901 ut
437 1838 535 1904 lineae
557 1849 710 1903 extremae
724 1837 857 1926 paralleli
871 1837 932 1900 sint
946 1836 1037 1925 (Μ);
1058 1836 1134 1902 ba'ee
1148 1839 1209 1902 lor-

166 1960 216 2003 ma
236 1961 265 2003 m
284 1937 400 2004 litterae
421 1941 627 2006 recentissima
656 1952 703 2005 est
732 1940 808 2025 apud
835 1937 1002 2018 Romanos,
1034 1949 1065 2003 et
1092 1938 1208 2021 quando

167 2040 304 2125 usurpari
325 2040 415 2124 cepit,
446 2042 559 2106 medius
580 2043 695 2106 litterae
711 2041 835 2126 angulus
856 2039 980 2105 inferius
995 2040 1211 2125 producebatur

42 2148 46 2159 '
168 2143 244 2205 huno
265 2141 297 2204 in
318 2141 436 2204 modum
456 2141 511 2208 Μ.
554 2141 599 2208 Aa
617 2164 690 2207 vero
710 2153 779 2206 ante
798 2141 928 2226 Augusti
953 2153 1090 2227 tempora
1112 2141 1210 2207 lineae

167 2254 321 2337 extremae
335 2263 484 2325 nunquam
498 2244 630 2328 paralleli
646 2245 839 2323 ducebantur,
848 2244 961 2308 sedita:
980 2243 1058 2316 ΑΛ.
1073 2241 1209 2317 Eandem

31 2327 40 2349 ⁵
167 2347 292 2409 formam
311 2344 386 2408 haee
407 2343 506 2409 littera
526 2345 614 2410 etiam
635 2345 667 2409 in
691 2346 828 2410 umbriois
848 2357 880 2410 et
900 2345 979 2410 oscis
1003 2345 1097 2410 titulis
1118 2345 1210 2411 latine

167 2447 284 2532 seriptis
299 2445 399 2525 babet,
423 2457 457 2509 ut
474 2457 521 2511 est
541 2446 573 2510 in
592 2447 699 2511 tabulis
719 2448 841 2537 nostris.
887 2443 1002 2529 Quodsi
1016 2458 1117 2512 notam
1131 2446 1210 2535 illam

167 2549 203 2612 de
218 2569 277 2633 qua
290 2547 404 2632 agimus
419 2568 437 2612 e
450 2569 574 2613 romano
589 2549 743 2635 alphabeto
752 2550 899 2617 mutuatus
915 2549 1211 2629 assasonthamar·

167 2671 235 2715 scas
256 2649 372 2715 tabulas
393 2649 443 2714 vel
461 2649 593 2715 iuniores
608 2651 718 2717 habere
734 2653 907 2718 deberemus
922 2672 1009 2737 quam
1023 2650 1105 2736 ipsas
1118 2649 1210 2717 latine

167 2752 306 2837 scriptas.
350 2750 394 2815 At
415 2761 515 2816 exstat
535 2763 607 2816 nota
626 2753 659 2816 in
679 2753 799 2838 antiqua
820 2774 929 2841 graeca
951 2764 992 2832 et,
1019 2750 1096 2836 quod
1120 2752 1209 2817 etiam

167 2854 288 2919 maioris
311 2863 358 2916 est
377 2853 530 2931 momenti,
554 2854 586 2916 iu
608 2865 726 2922 euusea
739 2856 916 2934 litteratura,
934 2875 1009 2937 quae
1024 2864 1159 2921 nostram
1172 2852 1212 2917 ad

167 2954 308 3018 amussim
329 2962 446 3035 aequat.
483 2951 539 3017 Illa
560 2965 631 3019 nota
651 2966 762 3020 certam
778 2957 905 3040 aliquam
919 2976 935 3021 s
949 2957 1066 3022 litterae
1080 2954 1212 3041 speciem

167 3063 317 3148 exprimit,
342 3085 428 3146 quam
449 3060 509 3127 iam
531 3067 656 3151 antea³)
678 3089 745 3134 eum
767 3063 784 3132 s‘
806 3065 939 3133 umbrica
961 3064 1208 3155 comparavimus.

133 3156 264 3235 ,fttlntto
286 3171 377 3255 igitur
399 3171 577 3256 probabilius
593 3185 650 3252 est,
674 3177 711 3239 ad
724 3174 870 3242 Etruscas
884 3176 1003 3243 meinos
1018 3177 1094 3243 bane
1108 3186 1213 3261 notam
1262 3186 1266 3194 ’

167 3280 326 3365 pertinere,
355 3281 494 3364 quemad
512 3281 678 3363 Romanos,
701 3306 795 3373 neque
817 3308 852 3354 m
874 3286 1213 3377 ριοιιιιιιιίωιᾱιιιιιωο

167 3397 222 3463 sed
243 3393 274 3464 ἐ.
319 3395 402 3463 Idem
417 3399 571 3467 dicendum
590 3414 637 3467 est
656 3404 693 3469 de
714 3404 814 3471 littera
828 3413 863 3484 Θ
879 3416 996 3472 etrusca
1010 3403 1108 3490 pou'us
1122 3423 1215 3487 quam
1267 3478 1269 3483 ,

166 3507 309 3588 umbrica,
341 3508 398 3573 etsi
426 3510 472 3575 bis
500 3512 533 3577 in
561 3511 669 3609 tabulis
690 3512 857 3600 Eugubinis
886 3536 940 3600 pro
962 3512 991 3579 Τ
1018 3512 1129 3600 scripta
1149 3523 1211 3578 ut.

168 3605 232 3675 Cur
251 3622 350 3676 autem
371 3611 404 3677 in
425 3612 471 3679 his
490 3613 603 3680 duobus
617 3625 733 3683 mutum
745 3616 819 3684 loeis
834 3629 954 3685 etrusca
968 3619 1063 3685 forma
1077 3636 1132 3705 pro
1146 3634 1215 3707 um·

237 3891 264 3951 l)
282 3889 349 3942 Tab-
362 3889 464 3958 Ilugnb.
478 3887 525 3956 Hb,
547 3897 588 3961 18,
601 3897 645 3952 tt.

235 3973 263 4038 2)
282 3974 349 4027 llud.
369 3975 457 4029 Umbr.
477 3978 548 4031 Part.
563 3979 618 4032 Vll.
636 3999 662 4049 p.
676 3983 720 4038 20.
757 3985 793 4038 el.
812 4002 837 4052 p.
851 3986 894 4042 23.

236 4057 264 4123 3)
282 4057 320 4110 lle
334 4060 404 4114 tabb.
419 4061 484 4128 ung.
507 4079 532 4129 p.
546 4063 589 4118 bl.
605 4067 647 4119 71.
