2760 4754
163 293 233 358 tao
525 313 630 357 uuum
648 312 825 356 enumeret.

167 465 212 526 lus
227 472 374 547 typorum,
399 461 493 524 torma
507 473 537 524 et
551 458 779 545 palaeographio
793 458 1026 543 inscriptionum,
1050 460 1081 523 in
1100 458 1209 543 quibm

166 564 295 628 maxime
310 562 408 626 notari
422 563 509 626 debet
521 573 608 626 retus
622 561 790 627 Romanum
806 560 859 631 sn·
877 558 1003 626 Colonia
1017 559 1108 646 igitm·
1122 554 1211 626 num·

167 688 231 731 mos
254 688 290 731 ea
311 686 369 749 qua
389 675 449 728 turm
469 665 607 728 utebatur
627 665 727 750 lingua
741 664 889 728 cudendos
905 663 1030 728 curavit.
1068 661 1209 729 Volca-

167 790 250 833 nom
270 769 340 851 quin
354 776 435 830 reete
449 767 556 830 lectum
571 766 621 843 sit,
644 786 705 830 non
721 775 766 829 est
781 765 910 829 nmium.
947 760 1137 850 Quapropter
1150 767 1210 831 hoo

168 893 257 934 unum
280 869 442 952 quaeritur,
466 890 523 952 qua
544 868 660 932 ratione
676 866 836 932 accusativi
853 867 947 929 lorma
962 886 1015 950 pro
1030 886 1102 930 casn
1123 878 1211 934 recto

168 970 313 1056 explicari
327 983 426 1053 queat.
454 968 517 1035 lam
533 969 663 1034 secundo
679 980 747 1034 ante
762 967 914 1034 Christum
929 968 1059 1048 saeculo,
1083 967 1114 1034 it
1128 971 1209 1053 quot

168 1094 257 1158 supra
278 1073 397 1148 monui,
428 1071 544 1137 Romae
566 1073 716 1136 etiamtum
734 1071 834 1155 lingna
853 1070 1064 1154 loquebantur,
1095 1071 1128 1134 in
1149 1092 1210 1156 qua

167 1176 389 1240 terminationes
411 1175 569 1239 nonnullae
587 1173 797 1261 vocabulorum
811 1173 908 1236 minus
929 1171 1063 1256 integrae
1077 1194 1210 1257 montm-

168 1279 317 1342 tiabantur
345 1297 431 1360 quam
452 1287 567 1362 postea.
612 1275 678 1340 Huc
705 1276 892 1340 referendum
914 1274 1047 1358 inprimis
1068 1274 1125 1339 lioc
1146 1287 1207 1357 est,

169 1380 245 1463 quod
266 1391 380 1443 mature
402 1401 417 1442 s
439 1390 469 1443 et
490 1401 519 1442 m
544 1378 717 1442 nominativi
739 1389 769 1442 et
790 1377 951 1443 accusativi
980 1366 1212 1467 abiicieltantmgf

169 1502 243 1566 quae
265 1493 333 1567 post
355 1482 469 1545 demum
484 1502 587 1546 rursus
602 1491 672 1544 sunt
684 1490 833 1563 receptae.
864 1476 900 1542 ln
917 1476 1088 1564 Scipionum
1101 1490 1210 1545 monti·

167 1583 274 1648 mentis
290 1593 336 1647 est
349 1581 471 1647 Lucio
486 1583 684 1647 nominativus
698 1582 784 1644 iuxta
797 1578 853 1644 Lu
863 1579 962 1660 oins3
985 1566 1093 1644 ibitlem
1107 1602 1139 1644 m
1158 1602 1209 1646 tc·

169 1684 293 1749 cusativi
314 1706 374 1748 non
397 1685 512 1768 ubique,
537 1686 590 1749 sed
613 1703 702 1768 saepe
716 1695 816 1746 tamen
830 1681 974 1746 abiectum
990 1693 1048 1746 est.
1091 1682 1136 1747 Et
1154 1704 1211 1769 per
1251 1724 1255 1733 -

168 1808 255 1871 quam
276 1787 366 1850 breve
388 1799 502 1870 tempus
524 1787 623 1872 lingua
639 1786 676 1849 atl
691 1783 826 1850 Graecae
841 1786 1008 1869 exemplum
1022 1787 1210 1853 conformate

153 1901 199 1954 et
221 1910 239 1952 a
254 1888 347 1953 doctis
362 1888 393 1951 in
411 1889 566 1952 scribendo
588 1898 729 1972 usurpata
747 1887 877 1970 linguam
891 1887 1032 1950 msticam
1045 1887 1210 1972 reprimere

167 1991 306 2075 potuerit,
331 1991 494 2057 luculenter
507 1991 714 2075 inscriptiones
730 1990 904 2067 ostendunt,
928 1988 959 2051 in
974 1989 1078 2072 quihus
1093 2000 1210 2056 mature

168 2114 186 2156 a
202 2092 323 2156 cultiore
339 2113 476 2157 sermone
491 2115 641 2158 recessum
657 2101 713 2155 est.
738 2088 837 2173 Atque
852 2091 916 2174 ipsc
931 2090 1006 2154 adeo
1021 2092 1212 2165 accusativus

167 2196 199 2256 in
213 2193 325 2256 rustica
338 2193 389 2256 illa
403 2193 504 2277 lingna
525 2194 620 2277 magis
635 2192 787 2275 magisque
802 2190 839 2254 ad
854 2192 1209 2275 nominativumaccelit,

167 2297 250 2379 isque
271 2295 372 2379 primis
394 2296 452 2359 iam
472 2306 540 2380 post
554 2293 706 2360 Christum
728 2287 853 2381 saeculis
873 2295 915 2358 ita
930 2317 983 2380 pro
998 2316 1070 2385 casu
1091 2296 1212 2363 habitus

168 2409 214 2461 est
225 2408 318 2475 recto,
336 2408 368 2460 nt
381 2396 413 2459 in
427 2397 665 2482 inscriptionibus
676 2397 821 2460 interdum
834 2397 929 2459 forma
941 2397 1104 2470 accusativi
1118 2398 1213 2465 utem

167 2500 214 2563 ius
229 2510 376 2583 tamquam
391 2509 472 2562 esset
486 2499 671 2577 nominativi,
695 2519 798 2562 rursus
820 2519 873 2582 per
888 2519 975 2562 casus
990 2520 1060 2563 suos
1075 2500 1212 2568 rariore·

167 2611 216 2664 tur
226 2608 263 2684 ¹).
278 2599 356 2665 Tum
371 2602 488 2686 linguae
504 2623 578 2685 quae
594 2601 729 2665 dicuntur
742 2600 911 2665 romanicae
922 2598 1009 2679 Itala,
1025 2599 1213 2689 Franeogal-

168 2704 236 2783 lioa,
246 2703 409 2790 Hispanico
423 2726 479 2767 usn
492 2703 639 2770 communi
650 2703 849 2768 accusativum
862 2714 1038 2786 receperunt
1048 2724 1103 2788 pro
1114 2704 1212 2771 nomi-

169 2807 270 2870 nativo
282 2812 321 2891 ²).
345 2805 378 2870 ll
399 2806 500 2870 lihro
516 2807 643 2891 exempli
660 2826 750 2869 causa
765 2826 824 2867 non
840 2816 886 2868 est
901 2805 1009 2868 lactum
1024 2825 1065 2870 ex
1080 2806 1214 2875 ablativo

167 2907 281 2985 libro,
306 2908 359 2971 sed
375 2928 415 2970 ex
435 2908 636 2985 libro[m]3
660 2926 791 2991 speme
813 2928 872 2969 non
888 2917 988 2970 estex
1010 2928 1076 2993 spe
1101 2910 1213 2976 setlex

169 3028 288 3091 spem3
312 3018 416 3093 petto
438 3009 554 3084 dicitur,
580 3030 639 3071 non
661 3019 830 3092 pettore‚
856 3011 1064 3096 opecto[s]
1087 3032 1214 3078 aecuma-

168 3108 250 3189 tivo3
275 3110 403 3194 apertius
420 3111 552 3174 etiamid
568 3111 658 3173 estin
681 3108 783 3194 plurali
804 3119 925 3194 propter
946 3131 977 3174 s:
1001 3112 1060 3178 les
1081 3113 1212 3182 livre·

169 3211 274 3289 (illos
296 3211 445 3295 libros),
469 3211 527 3275 les
549 3213 701 3275 femmas
726 3211 833 3292 (illas
856 3212 1044 3301 feminas),
1067 3216 1128 3280 los
1150 3238 1212 3282 ca.

169 3312 297 3377 hallos
322 3314 429 3398 (illos
453 3313 663 3396 caballos);
694 3314 872 3397 porromoi
893 3314 1212 3400 francogallicumnon

170 3414 321 3479 descendit
341 3416 378 3480 ab
400 3438 417 3481 e
425 3439 470 3502 go
491 3419 577 3482 seda
598 3437 663 3494 me,
688 3415 929 3499 quemadmodum
943 3414 1080 3482 Britanni
1095 3404 1211 3504 quoque

169 3539 258 3603 saepe
279 3540 330 3583 me
350 3542 403 3604 pro
425 3518 588 3604 Iponunt3
618 3519 701 3581 rien
723 3539 741 3580 a
762 3539 852 3597 rem,
876 3519 916 3582 al.
954 3518 1088 3604 Linguae
1111 3532 1213 3587 eutem

168 3620 425 3706 indogermanicas
448 3643 550 3686 omnes
566 3620 714 3705 proprium
728 3618 785 3682 sihi
798 3619 828 3682 id
843 3620 963 3700 habere,
989 3634 1021 3687 ut
1034 3623 1145 3688 sensim
1160 3645 1213 3690 ao·

170 3724 333 3786 cusativum
348 3725 459 3788 faciant
473 3746 573 3788 casum
588 3732 719 3798 rectum,
743 3720 833 3806 sup‘ra
846 3721 905 3786 iam
920 3723 1020 3808 tetigi,
1046 3725 1094 3789 ubi
1109 3725 1145 3791 de
1160 3747 1213 3791 ac·

171 3878 378 3890 -—-—--—--

242 3960 268 4024 t)
287 3961 392 4015 Gruter.
413 3963 494 4016 ludex
512 3972 647 4029 mammet.
668 3979 689 4015 s.
709 3979 734 4013 v.
755 3977 830 4014 casus
848 3965 966 4017 mutatio.

238 4045 267 4111 2)
285 4045 357 4099 Iliez.
377 4048 490 4101 Gramm.
512 4051 558 4100 der
576 4049 682 4102 Roman.
703 4047 844 4115 Sprachen.
872 4049 900 4101 P.
923 4048 954 4102 ll.
975 4067 1000 4118 p.
1021 4053 1044 4103 5.
1065 4066 1121 4119 sqq.
