2760 4754
568 279 760 342 rotarioro.
1128 322 1129 327 ,
1170 290 1190 328 v

143 430 269 494 nummis
285 428 445 508 haesimus,
469 427 517 512 qui
533 448 570 492 ne
585 428 735 492 minimam
751 428 866 514 quidem
890 429 966 514 apud
984 430 1068 515 ipsos
1088 452 1188 499 move·

140 575 209 629 rant
222 563 430 650 suspicionem,
454 574 484 627 et
497 563 573 628 bene
588 562 743 642 notabunt,
760 573 899 628 nostram
914 564 959 628 his
990 565 1021 628 in
1037 566 1124 634 rebus
1146 570 1190 633 iu-

78 725 79 728 *
141 700 249 763 dicium
264 721 324 763 non
339 720 380 763 ex
395 699 493 762 fallaci
508 697 640 762 fabricae
655 697 753 782 specie
769 697 891 782 petitum
906 717 993 777 esse,
1018 701 1072 764 sed
1087 722 1127 764 ex
1142 723 1190 766 ar·

25 839 58 851 ‘'
141 826 305 917 gumentis,
336 855 412 918 quae
433 833 483 897 ab*
499 853 675 916 unoquoque
703 831 858 897 diiudicari
880 844 1020 919 possunt,
1052 836 1188 902 etsi'non

140 979 260 1052 praesto
275 979 344 1032 stunt
357 967 479 1046 nummi,
497 967 539 1031 uti
554 967 640 1031 nobis
666 969 784 1032 luerunt
804 968 854 1032 vel
873 968 929 1054 ipsi
951 969 1000 1033 vel
1023 991 1125 1049 eorum
1140 993 1189 1039 eo·

142 1115 222 1190 typa,
247 1124 335 1187 quum
358 1103 389 1165 in
412 1123 465 1167 eos
487 1101 735 1187 investigaremus
757 1122 868 1186 eosque
888 1103 920 1166 in
941 1104 1048 1171 tabulis
1069 1129 1188 1194 reprae-

72 1295 75 1313 ,
141 1232 302 1303 sententies
323 1258 504 1339 curaremus.
539 1234 602 1300 Diu
631 1236 780 1300 haesimus
807 1237 839 1300 in
866 1239 991 1304 nummis
1012 1237 1126 1326 Iguvii,
1152 1245 1192 1310 de

101 1439 106 1444 ,
139 1372 243 1457 quihus
259 1394 319 1436 non
333 1371 430 1436 levem
444 1369 623 1435 instituimus
638 1370 852 1455 quaestionem,
873 1394 961 1455 mum
984 1386 1014 1439 et
1035 1377 1100 1441 aliis
1114 1380 1188 1447 mul.

140 1506 188 1586 tis,
210 1517 243 1572 et
254 1507 341 1572 nobis
356 1486 428 1592 ipsis
443 1515 563 1590 propter
577 1526 761 1569 communem
775 1527 841 1570 cum
864 1509 986 1574 famosis
1008 1510 1065 1575 illis
1082 1511 1197 1579 tabulis

139 1642 264 1726 patriam
278 1640 411 1726 inprimis
426 1649 527 1704 essent
542 1639 604 1703 cari
627 1650 658 1704 et
678 1641 897 1728 memorabiles.
927 1641 1036 1729 Neque
1057 1667 1131 1711 vero
1154 1649 1185 1712 in

140 1776 239 1840 animo
254 1786 301 1845 est
315 1795 437 1861 negare,
454 1796 544 1839 unum
559 1775 722 1839 alterumve
738 1786 859 1840 exstare
874 1799 1034 1858 nummum,
1051 1781 1100 1864 qui
1115 1782 1186 1845 nulli

139 1911 288 1976 obnoxius
303 1911 343 1982 sit
357 1908 532 1973 dubitationi
555 1910 637 1974 etad
652 1910 735 1974 ouius
759 1910 887 1994 speciem
909 1911 985 1977 male
1006 1913 1185 1996 intellectam

79 2127 85 2135 .
139 2045 190 2110 alii
210 2045 328 2117 conficti
348 2044 419 2108 sint.
458 2043 573 2108 Tamen
594 2066 668 2129 quas
690 2046 769 2110 infra
789 2045 981 2131 exposuimus
1003 2049 1184 2116 difficultates

139 2181 170 2244 in
184 2180 319 2244 omnibus
335 2180 409 2257 lere,
427 2200 501 2263 quos
514 2200 676 2244 recensere
690 2178 782 2258 licuit,
801 2180 923 2262 obvias,
947 2203 1002 2248 eae
1017 2205 1090 2250 sane
1106 2187 1185 2251 eius·

138 2315 217 2380 modi
231 2326 312 2393 sunt,
329 2325 362 2378 ut
376 2324 509 2378 nostrum
524 2315 560 2379 de
575 2315 621 2378 his
644 2313 783 2379 iudicium
805 2306 928 2413 amplius
947 2304 1109 2385 ‘defendere
1131 2321 1194 2386 m'x'

138 2471 212 2536 opos
226 2449 278 2516 sit.
308 2449 351 2514 Et
376 2449 467 2536 multo
482 2449 598 2535 pidem
613 2449 756 2514 difficilius
772 2459 827 2528 est,
852 2450 877 2513 si
897 2452 1017 2517 omnino
1039 2455 1104 2517 fieri
1118 2466 1184 2540 pot-

138 2595 196 2664 est,
220 2585 402 2670 argumentis
417 2584 635 2665 demonstrare,
657 2606 809 2648 nummum
824 2604 890 2649 esse
905 2587 1074 2669 genuinum,
1097 2610 1183 2671 quam
1218 2647 1228 2662 x

138 2739 208 2784 esse
224 2718 366 2804 spurium.
399 2715 513 2806 Quare,
538 2719 564 2782 si
585 2718 651 2783 veri
665 2717 763 2802 Iguvii
785 2729 906 2784 exstant
926 2720 1055 2799 nummi,
1081 2742 1183 2787 eorum

78 2889 82 2895 ‚
138 2853 237 2919 estin
264 2873 298 2918 re
320 2854 487 2921 nummaria
509 2852 834 2941 experientissimorum
863 2853 1012 2934 virorum,
1041 2855 1092 2942 qui
1114 2868 1198 2923 ante·
1251 2921 1253 2925 .

138 2989 238 3054 oculos
253 2990 363 3054 habent
376 3001 468 3054 totam
483 2990 603 3067 seriem,
626 3010 688 3053 non
701 2998 762 3051 tam
777 2988 844 3052 lldei
858 2989 889 3052 in
905 3011 938 3056 se
961 2991 1112 3076 suscipere
1132 2993 1182 3056 de-

71 3130 76 3135 ’
137 3125 394 3204 monstrationem,
419 3146 506 3209 quarn
528 3145 631 3189 eorum
653 3143 728 3208 quae
751 3125 953 3207 proposuimus
976 3127 1113 3194 falsitatis
1135 3149 1182 3193 ar·

137 3271 342 3342 gumentorum
359 3259 578 3325 refutationem.

221 3393 257 3459 In
272 3394 365 3459 altero
381 3394 476 3478 capite
492 3392 638 3458 secundae
653 3394 745 3478 partis
763 3389 998 3461 dissertationem
1022 3400 1057 3463 de
1080 3398 1181 3483 alpha·

72 3524 76 3529 ’
137 3528 359 3593 betisumbrico
382 3539 412 3593 et
426 3549 498 3593 osco
519 3520 693 3613 conscripsi.
715 3527 822 3609 'Certa
845 3530 923 3595 enim
946 3532 1113 3614 cognitione
1128 3553 1180 3618 pa·

137 3663 345 3747 laeographica
360 3663 413 3727 niti
428 3663 547 3742 debent,
572 3664 621 3748 qui
643 3665 785 3743 materiae
801 3686 820 3728 a
833 3687 880 3729 me
896 3665 1038 3729 collectae
1060 3670 1196 3750 operam

137 3798 261 3882 amplius
284 3818 396 3863 navare
416 3797 532 3863 volunt.
576 3799 645 3865 Nec
673 3801 736 3865 sine
759 3821 849 3864 eausa
871 3821 952 3883 spem
975 3802 1116 3885 concepi,
1148 3805 1179 3869 iu

138 3942 219 3996 tanta
234 3943 404 4018 ectyporum
425 3953 500 4018 quac
515 3935 582 3999 (ledi
601 3946 631 4000 et
652 3935 885 4021 apographorum
908 3935 963 3999 lide
987 3935 1062 3999 hane
1084 3959 1179 4005 meam
