2760 4754
172 328 237 392 tte
537 350 640 392 uuum
663 350 816 394 caucasi.

173 508 201 568 in
218 499 321 572 Alasa
337 515 500 587 quatuor
515 505 629 568 litterae
644 505 720 568 salso
736 488 879 568 formathe
894 514 963 568 sunt
977 515 1007 568 et
1020 504 1213 570 dextrorsum

173 633 305 706 spectant
316 620 454 684 Romano
469 628 561 699 more,
580 621 663 704 quasi
677 615 945 706 Afalalegendum
956 623 1005 686 sit.
1023 620 1165 708 lienique
1176 644 1210 689 m

173 732 258 795 linale
279 728 430 813 utriusque
450 728 541 814 partis
561 731 717 796 manifesto
737 732 768 795 in
781 732 895 796 litteras
910 733 922 801 i
936 743 968 795 et
981 751 1005 794 n
1021 732 1209 818 disiungitur.

173 832 256 896 llaec
268 843 369 918 aperta
384 834 465 896 lraus
480 844 616 917 suspecta
631 834 726 898 reddit
740 834 828 898 etiam
835 830 972 897 Parisina
987 833 1044 898 duo
1059 834 1208 919 exempla,

174 956 228 998 nec
237 937 344 998 lactum
353 945 399 997 est
408 934 465 998 nisi
479 955 579 999 errore
595 937 718 1015 falsarii,
730 937 800 1000 utin
814 958 872 1000 uno
888 957 929 1001 eu
942 937 1001 1000 illis
1013 938 1138 1001 nummis
1146 956 1212 1001 ma·

174 1045 280 1108 nitesto
296 1037 539 1110 Maliba-num
555 1045 670 1130 legatur
683 1067 894 1130 pro-arnum.
917 1042 1032 1128 Quodsi
1045 1046 1081 1109 de
1096 1056 1211 1131 septem

173 1153 297 1217 nummis
318 1152 480 1219 Nucerinis
502 1176 571 1218 osce
593 1155 741 1239 inscriptis
769 1157 920 1221 minimum
950 1155 1075 1238 quinque
1105 1156 1210 1223 cerus·

173 1256 245 1319 sime
268 1278 320 1340 pro
340 1257 531 1341 supposititiis
551 1256 660 1321 habere
676 1258 814 1322 debemus
828 1268 948 1343 propter
962 1268 1134 1341 argumente
1156 1278 1208 1343 pa·
1230 1336 1235 1343 .

172 1358 396 1442 laeographica,
422 1350 525 1442 quibus
545 1380 601 1422 nec
621 1359 733 1424 falsarii
753 1371 945 1424 occurrerunt
959 1381 1014 1423 nec
1029 1359 1124 1425 critici
1145 1360 1209 1425 ani-

172 1483 249 1524 mum
271 1461 478 1538 adverterunt,
503 1461 575 1525 satis
596 1461 655 1524 ianr
676 1461 793 1526 videtur
807 1463 922 1526 dubium
939 1482 1017 1540 csse,
1042 1482 1111 1525 num
1133 1462 1208 1527 ullos

172 1583 297 1644 unquam
319 1584 453 1626 nummos
468 1559 567 1627 Oscos
581 1563 715 1627 Nuceria
737 1564 881 1628 habuerit.
911 1562 1004 1628 Nova
1026 1564 1140 1628 accedit
1154 1554 1219 1629 tiri

172 1665 284 1729 lieultas
306 1686 347 1728 ex
366 1665 490 1728 nummis
513 1664 628 1744 Teani3
653 1665 701 1748 qui
721 1688 807 1750 quum
829 1666 986 1729 manifesto
1001 1666 1121 1749 genuini
1135 1665 1209 1746 sint,

172 1769 206 1830 ad
237 1789 337 1830 eorum
368 1767 533 1851 analogiam
563 1769 792 1852 exspectandum
823 1769 939 1832 eratin
960 1766 1123 1832 Nucerinis
1149 1764 1210 1853 legi

170 1871 377 1946 Nuvhrinud
396 1871 620 1946 Alfaternud.
657 1878 758 1942 Habes
780 1890 880 1942 tamen
901 1879 1025 1942 eandem
1046 1877 1209 1942 clausulam

172 2019 229 2061 um
243 1998 274 2059 in
290 1997 416 2060 nummis
431 1993 662 2084 Compulteriae,
680 1996 715 2058 de
731 1993 836 2077 quibus
850 1994 928 2060 inira
943 1994 1085 2060 dicemus.
1115 1993 1211 2061 Deni-

172 2135 236 2196 qne¹
251 2112 337 2178 etiam
360 2112 406 2179 aiv
428 2115 649 2200 exspectaveris
672 2137 724 2199 pro
745 2134 792 2179 ur
814 2135 855 2178 cx
876 2112 1013 2198 analogia
1028 2110 1211 2181 verboruma·

171 2225 352 2300 Nirvlunris
376 2231 555 2323 (Nolanus),
586 2225 713 2298 laivtlhs
736 2231 884 2317 (tuticus),
908 2224 1112 2297 Brivaiam'rtl
1133 2222 1211 2319 (tto

170 2353 318 2435 vianum),
339 2343 493 2415 iulvhiirii.
520 2346 707 2436 Quapropter
720 2349 799 2413 idem
814 2351 876 2412 fere
891 2348 1078 2415 statuendum
1088 2350 1210 2443 piletus

171 2460 247 2543 quod
266 2460 297 2522 in
318 2456 462 2543 Iguvinis.
495 2454 558 2524 Soli
574 2461 674 2542 graeci
688 2458 798 2523 nummi
813 2458 979 2543 suspicione
995 2450 1106 2524 eriemti
1120 2456 1207 2542 sunl3

171 2573 256 2645 atque
279 2562 366 2625 unica
387 2582 459 2626 sane
474 2560 608 2627 Nuceria
622 2561 693 2624 urbs
708 2571 798 2639 esset,
823 2560 854 2623 in
876 2582 933 2644 qua
954 2571 1013 2624 tam
1035 2562 1099 2627 osci
1120 2584 1208 2647 marn

170 2665 270 2749 graeci
285 2668 394 2728 nummi
409 2663 472 2728 cusi
487 2675 598 2728 essent.
622 2662 767 2742 Nuceria,
792 2672 825 2726 ut
838 2660 931 2741 Nola,
948 2659 1075 2742 Puteoli,
1098 2661 1210 2743 Dicae-

170 2768 282 2848 archia,
306 2788 347 2830 ex
360 2766 397 2830 iis
412 2766 614 2851 proculdubio
630 2777 675 2830 est
690 2764 828 2841 urbibus,
852 2785 975 2845 quarum
990 2786 1077 2848 quum
1090 2758 1209 2831 iucolae

169 2869 299 2952 primarii
318 2867 467 2954 Tyrrheni
479 2870 504 2951 ¹)
528 2868 667 2945 luissent,
692 2866 853 2951 paullatim,
876 2867 919 2929 uti
939 2866 970 2930 in
986 2865 1114 2932 Graecia
1128 2866 1209 2932 acei-

170 2973 211 3034 tlit
225 2983 255 3035 et
270 2969 375 3056 partim
389 2969 424 3031 in'
435 2968 567 3046 Etruria,
590 2967 698 3032 Graeci
713 2976 930 3031 successerunt.
954 2965 1054 3052 Atque
1068 2969 1125 3035 hoc
1138 2966 1208 3035 Nu·

170 3070 412 3148 (exinterari,
436 3070 467 3132 in
484 3071 618 3155 proxima
634 3067 805 3146 Cumarum,
830 3066 994 3153 Neapolis,
1019 3070 1142 3135 aliarum
1156 3092 1210 3137 nr-

169 3175 246 3237 bium
257 3173 438 3238 Graecarum
450 3173 559 3236 vicinia
573 3184 802 3236 consentaneum
816 3182 891 3235 erat.
905 3169 1069 3236 Nuceriam
1081 3174 1209 3257 primum

168 3296 197 3339 a.
215 3272 277 3341 307
293 3296 311 3337 a
325 3272 469 3338 Romanis
485 3284 600 3358 captam
621 3275 792 3356 regimme.
826 3269 903 3334 Tum
925 3273 1002 3337 bello
1023 3272 1137 3339 Punico
1159 3296 1210 3353 aaz
1249 3262 1252 3269 ’

168 3379 262 3443 cundo
285 3377 322 3442 ab
343 3375 510 3441 Hannibale
530 3387 673 3461 occupata
695 3380 799 3462 est³);
830 3386 896 3459 post
919 3397 1004 3459 quem
1019 3397 1120 3455 casum
1142 3376 1209 3455 uiti·

237 3583 263 3649 l)
280 3581 403 3650 Νουκρία
418 3577 495 3633 πόλις
513 3577 658 3649 Τυῤῥηνίασ
675 3598 716 3649 ap.
731 3581 877 3648 Philistum,
895 3599 921 3634 v.
942 3582 1039 3635 Miiller
1056 3581 1163 3636 atrum.
1184 3574 1219 3637 l.'

168 3669 226 3721 166.
247 3668 305 3720 170.
342 3666 380 3717 ne
398 3664 464 3718 Nola
482 3681 497 3718 a
515 3665 660 3733 Tyrrhenis
677 3664 820 3720 constituta
838 3667 945 3733 (Solio.)
971 3668 1095 3722 Niebuhr.
1116 3666 1136 3721 l.
1158 3668 1204 3723 rt.
1268 3710 1272 3715 .

167 3752 263 3804 lliiller
280 3750 300 3803 l.
320 3767 344 3818 p.
368 3751 426 3804 166.

99 3857 102 3863 ’
234 3838 262 3901 2)
281 3836 338 3888 Lir.
359 3834 406 3887 lX.
426 3837 469 3888 ll.

234 3922 262 3987 3)
281 3922 338 3973 Lir.
357 3920 458 3973 XXlll.
481 3921 520 3974 15.
541 3920 640 3988 Dilapsi
659 3937 762 3990 omncs,
782 3940 939 3992 quorumque
958 3924 1070 3991 hospitia
1087 3930 1134 3977 aut
1152 3924 1213 3977 ion·

166 4006 248 4056 tuitus
271 4007 380 4073 impetus
399 4008 476 4059 animi
495 4006 570 4074 tulit,
604 4022 651 4074 per
667 4007 822 4078 Campaniae
840 4011 944 4081 urbes,¹
967 4010 1077 4063 maxime
1098 4007 1206 4077 Nolam,

165 4091 357 4158 Neapolimque.
395 4092 457 4146 Cum
482 4092 561 4146 ferme
573 4093 686 4159 ‚intanta
705 4103 854 4164 senatores,
882 4111 913 4149 ac
932 4095 1000 4150 forto
1017 4095 1120 4166 primus
1133 4096 1209 4164 quis-
