2760 4754
194 314 259 381 m
569 338 609 378 nn
633 335 871 380 urrrsnruns.

188 488 268 578 iaia,
281 487 351 579 lici,
365 486 445 558 iuie.
471 489 694 572 Pronuuciutic,
711 512 786 577 quae
798 495 859 579 adj
876 494 1089 558 coumnuutem
1101 496 1231 561 accde

123 586 128 599 ¹
186 622 243 690 ret,
260 609 405 676 insertis
420 605 715 700 inieslcane,inlcu‚
731 609 823 699 inve,
836 608 963 678 iiuvinu
979 604 1034 705 (et.
1051 606 1225 708 iltnvinu),

186 723 226 786 sl.
250 723 342 786 luisse
362 722 490 786 videtur.
640 774 646 781 .

269 831 305 897 ln
327 853 399 897 osca
419 830 584 897 litteratura
611 831 649 896 ab
671 827 698 914 i,
722 831 831 896 lineola
857 831 956 897 addita
983 832 1175 918 distinguitur
1195 829 1223 903 i.

183 936 283 1023 Quum
303 941 335 1004 in
354 940 459 1005 iisdem
478 960 595 1024 semper
608 941 708 1006 verbis
731 940 804 1004 haec
825 939 924 1004 littera
942 932 1114 1026 repetatur,-
1128 944 1226 1009 muni·
1250 990 1253 995 -

181 1052 289 1115 lestnm
303 1061 350 1115 cst
362 1051 513 1131 indicium,
531 1052 679 1117 diversam
694 1071 761 1116 esse
783 1052 820 1116 ub
842 1046 855 1115 i
874 1051 1019 1135 simplice.
1046 1049 1154 1117 Nihilo
1167 1054 1224 1119 mi-

181 1183 237 1226 nus
252 1180 347 1245 neque
362 1159 398 1222 al)
408 1157 640 1240 0.Miillero,
658 1181 753 1245 neque
768 1182 787 1225 a
802 1183 944 1246 quoquam
962 1160 1019 1223 alio
1035 1160 1109 1223 haec
1123 1161 1223 1227 vario-

180 1275 226 1327 tas
247 1264 396 1344 hucusque
427 1263 585 1327 observata
607 1275 665 1330 est.
711 1260 972 1327 Grotcleudus
1002 1262 1051 1347 qui
1073 1261 1222 1327 interdum

179 1365 317 1429 dueolam
333 1363 503 1428 observavit
522 1365 587 1427 soni
609 1365 726 1448 quidem
741 1364 915 1428 varietatem
930 1385 997 1428 esse
1012 1384 1073 1428 nou
1087 1365 1221 1448 suspica·
1247 1382 1250 1387 ·

180 1479 238 1546 tus,
265 1467 399 1546 „nullam
421 1465 508 1530 aliam
530 1467 567 1529 ob
591 1489 710 1531 cansam
735 1469 842 1530 laetum
857 1473 966 1542 esse“,
987 1465 1043 1529 sibi
1057 1466 1231 1549 persuasit,'

181 1590 295 1653 „quam
315 1589 354 1633 ue
376 1590 429 1652 pru
447 1568 563 1631 numeri
584 1568 663 1632 notis
679 1571 883 1653 acciperentur
897 1568 1008 1632 similes
1022 1567 1180 1659 diurnus.
1194 1578 1219 1647 ¹)

179 1669 292 1735 Verum
313 1682 371 1749 est,
403 1681 522 1755 pmptcr
544 1670 702 1754 pessimum
723 1682 977 1735 monumentorum
1000 1670 1063 1733 lere
1086 1669 1219 1735 omnium

177 1795 315 1838 oscorum
328 1773 487 1837 editionem
502 1783 613 1837 eertum
626 1775 762 1857 regularn
777 1774 822 1838 his
837 1773 869 1837 in
882 1772 988 1837 litteris
1004 1770 1218 1857 distinguendis

176 1877 232 1940 vix
245 1875 371 1961 perspici
385 1875 535 1959 posuisse,
558 1874 747 1941 nihilominus
763 1874 872 1939 nummi
891 1873 956 1937 osci
970 1883 1001 1936 et
1013 1894 1126 1959 paucae
1140 1875 1219 1943 eliae

176 1983 553 2072 inscriptioneslllenzii
568 1987 784 2071 perspicacitati
798 1987 991 2062 suffecerunt,
1008 1996 1041 2049 ut
1051 1980 1165 2068 (ιιιιιιιί
1184 1997 1219 2053 et

177 2102 187 2169 i
208 2106 334 2182 litteras,
359 2115 420 2166 tum
442 2124 466 2166 u
488 2112 517 2165 et
538 2099 562 2166 1'1
583 2114 664 2167 recte
686 2103 889 2185 distingueret,
912 2101 970 2165 nisi
992 2103 1067 2184 quod
1089 2120 1130 2166 ex
1149 2102 1217 2188 plu·

174 2215 316 2278 rimom'm
334 2221 591 2275 monumentorum
604 2211 803 2275 inconstantia
816 2211 957 2294 colligere
978 2230 1012 2273 se
1026 2230 1116 2294 posse
1130 2223 1215 2297 puta·

174 2317 229 2396 vit,
252 2317 284 2379 in
304 2313 542 2399 pronuntiatione
564 2334 679 2396 quoqne
702 2313 758 2377 sibi
771 2313 844 2399 ipsis
864 2334 924 2377 non
940 2313 1108 2379 constitisse
1122 2335 1216 2399 popu·

68 2416 71 2422 ’
174 2419 220 2482 los
242 2438 312 2482 osee
333 2416 497 2498 loquentes.
541 2413 722 2479 Rectissime
744 2437 832 2501 porro
852 2415 884 2478 in
904 2413 1022 2478 schedis
1044 2436 1120 2498 quac
1141 2414 1216 2483 mihi

174 2529 292 2605 praesto
312 2528 392 2595 sunt,
418 2516 589 2580 observavit
602 2513 758 2596 lllenzius,
781 2517 992 2581 elementorum
1006 2516 1122 2581 illorum
1137 2539 1214 2601 quae

171 2621 222 2685 Ti.
240 2619 383 2686 Claudius
405 2618 565 2703 imperator
582 2619 662 2684 inter
675 2620 788 2684 litteras
803 2640 942 2684 romanas
957 2618 1090 2703 recipere
1104 2617 1210 2698 voluit,

102 2777 105 2781 ,
173 2725 229 2789 duo
253 2723 367 2806 quidem
396 2742 437 2784 ex
465 2743 537 2784 osca
564 2720 729 2787 litteratura
753 2722 879 2806 repetita
906 2718 1002 2784 videri
1011 2721 1050 2805 ²).
1094 2718 1211 2785 Notum

172 2827 249 2890 enim
271 2836 328 2902 est,
354 2819 510 2887 Claudium
529 2824 587 2887 tria
607 2823 771 2887 litterarum
785 2824 872 2908 signa
886 2822 1075 2908 proposuisse
1089 2822 1122 2886 in
1136 2822 1212 2888 sord·

170 2927 270 3011 ptione
285 2923 438 3007 singulari,
461 2942 550 3004 quae,
565 2935 720 3006 postquam
736 2926 897 3008 imperator
910 2927 1006 2988 tactus
1021 2936 1079 3003 est,
1102 2944 1212 2991 revera

168 3039 289 3113 recepta
317 3025 407 3090 etin
433 3022 509 3087 actis
537 3025 662 3108 publicis
683 3036 714 3090 et
741 3026 855 3110 legibus
883 3026 1013 3090 adhibita
1038 3034 1127 3105 suutp
1149 3020 1212 3091 inio

169 3140 291 3194 exstant
305 3129 342 3192 ad
356 3127 434 3190 hunc
449 3126 526 3190 diem
540 3128 616 3191 tituli
631 3129 769 3212 temporis
786 3125 942 3193 Claudiani
957 3129 1005 3212 qui
1025 3127 1078 3193 tas
1092 3127 1210 3197 littores

169 3231 323 3295 exhihem.
367 3225 479 3291 Postea
497 3249 570 3292 vcro
594 3229 735 3295 oblivioni
756 3232 881 3297 traditae
904 3238 1019 3309 suut³J.
1063 3224 1125 3295 Diu
1147 3241 1208 3309 est,

168 3354 209 3399 ex
224 3355 280 3416 quo
297 3333 332 3397 de
348 3331 460 3396 duobus
475 3330 568 3415 signis
583 3332 693 3397 nullum
708 3344 755 3397 est
769 3333 897 3398 dubium.
941 3330 990 3396 De
1003 3335 1032 3402 ul
1046 3330 1137 3409 enim,
1159 3332 1210 3396 vel

169 3434 208 3514 d,
233 3447 302 3501 nota
325 3458 399 3520 quae
420 3459 441 3501 v
463 3446 674 3501 consonantem
697 3430 864 3521 exprimere
888 3432 1023 3511 debebat,
1047 3428 1207 3521 Quintiliu-

236 3643 262 3709 l)
280 3642 348 3694 llud.
366 3641 397 3693 L.
417 3641 449 3692 0.
468 3659 493 3708 p.
507 3641 551 3697 2⁷.
570 3645 614 3695 45.

234 3728 264 3794 t)
281 3725 481 3792 Adnotutionem
494 3727 560 3779 sutis
572 3727 692 3794 amplam,
712 3740 787 3792 qnam
800 3724 924 3777 lllcnzius
937 3726 968 3776 de
984 3726 1080 3777 litteris
1099 3725 1207 3778 aclau-

167 3812 209 3864 dlo
227 3810 366 3880 propositis
386 3810 551 3879 conscripsit,
574 3808 646 3863 luha
671 3810 756 3862 habes
778 3808 834 3863 lere
857 3810 995 3877 integram.
1031 3808 1120 3862 Pauca
1137 3812 1206 3863 adii-

166 3898 258 3949 cienda
273 3902 360 3962 emut,
377 3897 456 3963 plum
471 3896 624 3964 enitendo,
644 3910 711 3965 quae
727 3904 802 3949 certo
816 3912 868 3949 unu
879 3898 1040 3964 scripsisset,
1051 3897 1076 3949 si
1087 3896 1206 3951 mcum

165 3983 300 4037 uoluisset
311 3988 532 4035 monumentorum
543 3984 671 4051 exempla.
737 4048 740 4055 Ι

115 4124 118 4129 ,
234 4065 263 4132 3)
281 4066 354 4117 Suet.
368 4065 460 4118 Claud.
474 4066 517 4121 tt.
553 4068 639 4121 Tacit.
653 4067 720 4120 Anu.
735 4066 781 4121 Xl·
796 4065 838 4123 ld.
852 4069 895 4121 tt.
