2760 4754
168 320 236 386 156
530 340 570 380 nn
593 339 836 383 nrrrnaarnaa·

231 625 312 697 ne
338 619 627 696 atteretur-e
651 615 888 695 &murteo
916 621 967 694 et
994 621 1141 697 osea.
1205 620 1208 627 '

252 811 484 877 Demonstrasse
499 809 584 873 nobis
599 809 733 873 videmur
753 808 785 872 in
806 819 910 873 nostra
925 810 961 874 de
983 810 1089 875 tabulis
1103 810 1209 898 Engu-

168 915 244 979 binis
274 913 480 977 dissertatione
492 922 527 991 ¹),
552 912 745 974 litteraturam
771 905 949 974 Umbrorum
978 913 1127 996 antiquam
1151 914 1209 979 lin·

167 1037 243 1101 goae
266 1013 444 1079 Umbrorum
467 1014 603 1096 antiquae
628 1032 720 1095 aeque
743 1012 930 1092 convenisse,
957 1035 992 1078 aa
1013 1015 1208 1099 posteriorem

167 1117 343 1202 posteriori3
372 1127 404 1179 et
429 1117 505 1180 bano
527 1113 806 1178 demonstrationem
836 1114 930 1179 adhue
950 1125 1030 1179 stare
1058 1126 1206 1199 putamus,

166 1241 340 1303 quamquam
371 1216 679 1296 Grotefendus2)
716 1226 747 1279 et
780 1227 849 1300 post
867 1237 934 1281 eum
963 1217 1208 1303 llenopins⁸)

167 1322 424 1386 contradixerunt.
469 1318 555 1383 Hane
576 1317 767 1381 mutationem
787 1319 1033 1402 pronuntiationis
1059 1321 1091 1384 in
1118 1322 1208 1387 sertis

165 1425 271 1487 litteris
296 1425 372 1507 apud
387 1418 516 1486 Umbros
540 1423 646 1484 laetam
662 1439 741 1496 esse,
766 1440 852 1483 nemo
869 1421 1030 1496 mirabitur,
1050 1423 1100 1506 qui
1116 1423 1208 1488 bisto-

166 1525 241 1605 riam
264 1525 382 1608 linguae
404 1523 514 1588 latinae
536 1543 589 1605 per
604 1522 662 1585 tria
676 1519 777 1584 ultima
792 1523 911 1586 saecula
925 1533 995 1587 anta
1009 1534 1143 1588 nostram
1157 1546 1207 1591 ae·

166 1647 230 1690 ram
246 1625 340 1690 novit.
387 1622 563 1688 Grotelendi
584 1623 640 1686 hae
660 1623 696 1686 tle
715 1643 749 1686 re
770 1623 926 1707 disputatio
941 1625 1016 1688 levis
1031 1628 1088 1704 est,
1112 1646 1207 1711 neque

167 1727 301 1811 sibiipsi
324 1737 452 1791 eonstat.
499 1722 680 1804 „Ceterum
708 1724 749 1788 ait
761 1725 801 1807 ⁴),
833 1744 850 1788 e
872 1726 1029 1790 latinarum
1056 1727 1208 1794 literarum

168 1850 322 1908 „recensu
342 1828 499 1892 manifesto
519 1828 702 1911 intelligitur,
726 1847 821 1909 noque
842 1823 985 1907 Tusaum,
1008 1850 1103 1913 neque
1122 1829 1208 1896 Lati-

167 1954 264 2010 „num
287 1928 471 2015 alphabetum
497 1930 570 1993 satis
597 1941 695 2012 aptum
718 1929 810 1993 fuisse
832 1929 869 1992 ad
890 1951 980 2010 pros
1002 1927 1208 1998 Umbriearum

106 2052 108 2055 ·
167 2054 300 2111 „vocum
323 2053 414 2095 sonos
434 2031 654 2116 exprimendos,
678 2050 789 2113 eosque
810 1950 1065 2111 nobdmendos
1085 2054 1155 2100 esse
1167 2056 1210 2101 ex

98 2137 101 2141 '
167 2135 346 2215 „utriusque
367 2132 530 2214 scripturae
551 2133 736 2195 varietate.“
779 2130 848 2197 Nos
869 2133 956 2198 tloeet
977 2134 1050 2201 haee
1069 2135 1136 2220 ipsa
1155 2158 1208 2202 va-

166 2235 265 2307 riatio,
282 2232 550 2317 pronuntiationem
569 2243 710 2310 mumtam
725 2253 805 2296 esse.
836 2233 921 2313 „llio
940 2236 1056 2300 moneri
1069 2238 1207 2319 sufficiat,

167 2336 291 2421 „pergit
310 2335 372 2412 ille,
394 2331 502 2397 Tussis
524 2334 617 2397 literis
640 2354 735 2415 neque
757 2356 776 2397 o
797 2336 942 2416 vocalem,
968 2359 1063 2421 neque
1082 2340 1210 2404 mediam

168 2439 340 2521 „quandam
354 2435 469 2499 literam
484 2436 574 2499 saribi
588 2435 731 2519 potuisse,
749 2452 835 2519 quam
851 2437 888 2501 ob
908 2460 1030 2503 oausam
1050 2440 1136 2506 litera
1152 2441 1171 2504 b
1190 2463 1210 2507 e
1254 2459 1258 2468 ·

167 2538 369 2619 ,‚Latinornm
392 2537 546 2622 alphabeto
562 2549 712 2622 assumpta
726 2549 782 2631 est,
805 2559 846 2602 ex
861 2540 997 2623 aspiratis
1014 2562 1085 2607 vero
1099 2543 1209 2624 literis,

168 2643 222 2722 „si
243 2643 280 2707 ab
294 2638 381 2705 litera
396 2665 418 2722 φ
436 2644 553 2724 (nostra
568 2641 600 2726 l)
623 2639 809 2719 disoesseris,
831 2642 940 2706 nullam
962 2643 1053 2709 luisse
1068 2664 1212 2711 neeessa-

167 2744 281 2826 „riam.
326 2742 405 2807 Hine
426 2742 550 2826 literap
572 2763 728 2825 nusquam,
752 2742 838 2806 litera
852 2749 889 2821 o,
913 2745 1019 2808 utiam
1033 2747 1145 2826 monui,
1162 2747 1211 2815 bis

167 2847 281 2927 „modo
304 2866 357 2928 pro
381 2854 394 2908 t
414 2844 541 2928 legitur3
565 2843 681 2908 additae
698 2852 767 2906 sunt
781 2863 798 2906 e
813 2846 962 2909 eonuario
977 2858 1095 2931 praeter
1108 2848 1127 2912 b
1142 2850 1212 2917 lita-

166 2968 259 3028 „ram
275 2947 350 3009 duae
364 2945 516 3008 sibilantes
537 2950 555 3028 ῥ
579 2953 617 3021 (r)
633 2955 664 3008 et
679 2949 696 3019 ζ
709 2953 760 3022 (s),
779 2965 821 3008 ex
834 2946 852 3008 b
867 2945 965 3012 littera
979 2949 1082 3014 variae
1098 2950 1212 3043 formas

167 3055 284 3128 „tae.“
327 3042 363 3110 In
384 3045 430 3110 his
451 3045 551 3110 verbis
572 3045 664 3131 ipsius
679 3057 800 3110 nostrae
816 3048 1019 3132 disputationis
1035 3052 1212 3119 fundamen-

166 3161 227 3214 tum
242 3150 374 3213 eloontus
390 3157 447 3210 est.
471 3143 569 3228 Quum
584 3147 705 3212 Etrusci
719 3169 814 3233 neque
829 3173 847 3213 o
862 3173 958 3235 neque
973 3157 990 3215 b
1005 3153 1118 3219 litteras
1133 3156 1212 3221 sori·

165 3251 280 3330 berent,
297 3246 403 3314 Umbri
424 3268 496 3313 vero
518 3249 616 3314 bane
638 3251 684 3313 ob
706 3272 864 3317 oausam
886 3254 904 3317 b
926 3255 1041 3320 literam
1056 3277 1097 3320 ex
1112 3254 1212 3323 Graa-

166 3373 266 3417 oorum
282 3363 313 3416 et
325 3349 528 3416 Romanorum
543 3353 709 3419 litteratura
729 3365 944 3436 mutuarentur,
969 3378 1024 3422 eur
1046 3358 1211 3443 olitterarn

164 3477 206 3519 ex
220 3454 324 3520 iisdem
337 3454 509 3519 litteratoris
524 3476 585 3520 non
600 3467 702 3520 essent
720 3458 855 3536 mutuati,
873 3460 898 3522 si
913 3460 944 3523 in
959 3480 1061 3524 eornm
1076 3481 1211 3544 pronun-

233 3729 259 3795 1)
277 3745 303 3796 p.
316 3728 347 3784 2l
363 3745 418 3795 sqq.

230 3815 259 3881 2)
277 3806 344 3866 aaa.
363 3814 383 3865 l.
404 3813 435 3866 U.
455 3815 528 3885 Part.
544 3814 564 3866 l.
584 3833 608 3882 p.
626 3817 649 3867 l.

231 3898 258 3964 3)
277 3899 314 3950 De
326 3899 416 3965 lingua
428 3901 535 3965 Sabina,
550 3916 606 3951 oum
621 3900 785 3967 praefatione
798 3899 962 3955 Grotefendi.
989 3901 1110 3957 Altonae.
1127 3905 1205 3967 1837.

164 4002 189 4052 Ρ’
208 3984 344 4133 2‘billa
364 4067 394 4121 n.
415 4069 446 4122 u.
466 4069 538 4121 raa.
554 4070 573 4121 1.
594 4086 618 4138 p.
636 4070 667 4125 a
