2760 4754
171 304 261 371 Ιόθ·
550 322 590 364 nn
613 319 857 364 urrmruna.

172 479 344 545 eoniunetas
372 478 487 545 litteras
509 497 547 545 ra
567 475 600 539 in
621 472 749 556 antiquis
769 469 876 535 tabulis
893 469 1077 554 reperimtmr
1109 463 1212 538 otni-

171 601 297 683 stamn,
326 587 433 682 meis,
457 594 548 659 latine
569 586 796 675 eturstaltmu,
823 607 925 656 mera.
971 586 1121 654 Desinunt
1137 581 1214 655 ini

171 710 278 776 verba.
309 703 542 803 perslalnmai,
578 700 783 809 spantimai,
819 726 969 793 asamar,
1004 699 1209 805 areolamai,

170 822 336 894 siinamai
357 841 388 894 et
408 822 521 921 kapir.
552 824 614 892 Pro
638 817 761 892 fureni
780 823 936 907 legendnm
959 817 1090 895 liment.
1127 820 1213 890 Inter

170 938 281 1010 retr
301 945 468 1025 llnotnant·
502 936 672 1037 vepur'atn
700 953 730 1008 et
757 960 929 1032 repurns3
968 930 1117 1030 arveitu,
1155 962 1211 1007 ar·

171 1057 284 1152 veitu3
313 1055 425 1152 arviu,
454 1060 573 1151 arviu3
609 1053 769 1149 tribris‘n,
796 1056 993 1149 tributim
1018 1053 1209 1152 nnr’pener,
1282 1076 1287 1088 ·

171 1177 335 1271 nemim,
362 1191 393 1245 et
415 1180 446 1245 in
460 1180 560 1245 latinis
575 1179 701 1245 tabulis:
726 1174 878 1246 araoeitn
900 1175 1108 1268 enervetur,
1135 1198 1227 1249 arr--

168 1291 285 1389 fertur
305 1309 336 1362 et
357 1292 526 1390 arsertur.

506 1525 867 1597 Mutae·

252 1696 632 1790 praemonuerat,
659 1725 696 1795 p,
725 1687 881 1785 tantique
904 1696 1084 1764 Umbromm
1109 1691 1210 1785 lingna

169 1829 199 1882 et
212 1818 377 1887 litteratura
391 1838 480 1883 unam
497 1829 609 1882 tanturn
625 1823 749 1889 mediam
765 1818 900 1884 distinxit
921 1810 958 1883 b.
1005 1815 1117 1882 Postea
1137 1812 1210 1881 Um·

167 1935 215 1999 lui
238 1958 340 2002 omnes
359 1949 456 2007 mutas
477 1936 596 2021 linguae
617 1936 726 2004 latinae
741 1948 917 2022 receperunt
930 1947 962 1999 et
977 1957 1037 1999 non
1051 1946 1165 2001 tantum
1185 1956 1210 2029 g

169 2063 199 2116 et
220 2046 244 2116 d
264 2052 382 2130 litteris,
404 2052 561 2116 sedetiam
584 2073 608 2145 q
629 2055 728 2119 littera
742 2065 810 2119 ante
827 2053 905 2117 nusi
920 2041 1001 2116 sunt.
1141 2028 1144 2036 ¹

255 2162 295 2229 li.
322 2161 360 2229 c,
383 2161 420 2228 ln
435 2164 533 2228 latinis
548 2163 728 2233 Umbrorum
744 2180 773 2233 et
788 2167 936 2233 Oscorum
957 2168 1048 2233 titulis
1070 2187 1090 2235 c
1111 2167 1209 2233 littera

169 2282 265 2368 posita
287 2291 334 2345 est
354 2302 407 2366 pro
430 2280 549 2364 antiqua
570 2277 606 2370 lt,
631 2285 868 2369 pronuntiatione
885 2285 1000 2368 quidem
1015 2307 1075 2350 non
1089 2296 1209 2350 mutata.

168 2392 298 2456 Romani
319 2389 397 2454 enim
420 2390 501 2470 olim,
524 2402 555 2454 ut
578 2393 628 2457 alii
647 2392 751 2458 Italiae
774 2394 883 2478 populi,
908 2394 1016 2457 nnllam
1042 2417 1061 2478 q
1081 2395 1228 2467 litteram,

169 2494 370 2573 distinxerunt
390 2513 408 2555 a
428 2492 449 2554 k
469 2492 568 2557 littera
582 2493 614 2558 in
629 2497 879 2579 pronuntiatione,
904 2507 934 2559 et
949 2517 989 2559 ex
1004 2496 1116 2567 duabus
1130 2496 1216 2582 notia,

169 2593 293 2660 Graecis
314 2605 344 2658 et
358 2588 491 2669 Oscisll
512 2591 583 2659 etC
604 2597 684 2681 prins
707 2598 768 2676 illa,
792 2598 937 2682 posterius
960 2598 1017 2661 hae
1031 2597 1150 2682 saepius
1165 2596 1210 2662 vi·

167 2698 273 2760 dentur
295 2696 340 2760 nsi
359 2716 438 2759 esse.
463 2695 586 2776 Postea,
611 2721 698 2782 quum
719 2720 739 2783 g
761 2721 867 2762 sonum
887 2698 1077 2782 pronuntiare
1092 2700 1210 2784 eoepis·
1234 2739 1236 2744 ·

87 2784 93 2795 ’
168 2809 240 2862 sent
256 2816 362 2861 novam
386 2799 559 2882 excogitare
582 2799 727 2863 dehebant
747 2799 887 2878 litteram,
910 2821 997 2883 quam
1019 2797 1103 2865 exC
1123 2810 1207 2880 nota,

168 2922 244 2964 unoo
258 2900 399 2962 inleriore
415 2901 556 2982 producto
579 2899 608 2964 G
634 2902 810 2964 formavisse
825 2912 856 2964 et
869 2901 899 2963 in
915 2901 1125 2986 alphabetum
1115 2904 1227 2993 intro?¹

167 3008 289 3072 duxisse
305 3007 410 3070 dicitnr
426 3004 480 3091 Sp.
499 3005 660 3072 Carvilius
697 3005 799 3090 Quare
814 3030 899 3093 quum
916 3011 995 3074 nulla
1015 3005 1211 3078 interlrete

166 3119 281 3183 litteras
303 3119 548 3200 pronuntiationis
564 3119 720 3183 diversitas
735 3140 864 3202 unquam
880 3122 995 3200 luisset,
1017 3142 1075 3184 una
1089 3121 1211 3186 eadem·

167 3248 223 3309 qne
244 3236 314 3288 nota
336 3220 358 3290 lt
379 3228 410 3290 in
432 3238 534 3291 nostro
555 3238 640 3291 textn
662 3229 792 3293 seribere
808 3230 971 3308 debuimus,
992 3231 1080 3314 idque
1094 3252 1133 3295 eo
1146 3251 1212 3295 ma·

166 3344 212 3428 gis
234 3345 434 3408 necessarium
457 3345 593 3408 luximus
615 3345 752 3427 qnoniam
775 3366 794 3411 e
816 3347 914 3412 littera
934 3347 1021 3411 hodie
1042 3369 1061 3412 a
1081 3342 1211 3414 dirersis

166 3455 279 3541 populis
295 3456 495 3520 diversissimo
513 3456 599 3519 modo
614 3456 831 3538 pronuntiatur.

251 3555 290 3621 G.
316 3553 389 3621 Osci
409 3560 486 3623 hano
507 3559 635 3622 litteram
656 3558 715 3621 iam
737 3558 768 3620 in
783 3558 901 3640 antiqua
916 3558 1082 3622 litteratura
1096 3556 1211 3624 habue-

165 3668 246 3735 runt,
276 3670 308 3722 et
335 3661 437 3723 eadem
467 3670 539 3723 nota
560 3681 618 3741 qua
648 3660 718 3723 olim
748 3657 857 3723 Graeci
886 3670 1109 3746 expresserunt
1154 3655 1211 3725 sie

165 3766 307 3831 habemus
328 3768 360 3831 in
382 3767 499 3831 verbis:
538 3761 750 3862 degetasiris,
772 3763 926 3856 Gaaviis,
952 3764 1136 3862 paarigtis,
1164 3762 1208 3835 li·

166 3881 293 3976 gattis,
324 3881 434 3980 liquo,
464 3879 612 3978 slaagitl,
641 3880 782 3979 slagim,
811 3883 997 3981 tanginutl,
1018 3883 1204 3982 tanpinud,

165 4000 377 4067 etinnummis:
395 3996 441 4068 G.
453 3998 615 4094 PaapiG.
634 4006 656 4068 i.
674 4025 702 4068 e.
721 4003 812 4068 Gaius
822 4004 943 4091 Papius,
962 4006 1029 4071 Gaii
1046 4005 1210 4095 (filus).-
