2760 4754
161 315 237 383 108
536 333 643 378 uum
663 333 815 378 esum.
862 362 870 382 s

168 503 251 551 meus
265 491 323 560 est,
338 479 403 547 No.
422 478 476 547 16.
490 476 624 546 Berolini
637 482 824 559 adservatur,
839 477 905 545 No.
922 477 978 545 18..
993 477 1046 544 19.
1062 476 1209 547 Londini.

168 583 259 648 Tituli
280 584 389 667 effigies
410 581 474 646 No.
499 582 551 647 17.
575 604 721 667 expressa
742 594 788 647 est
808 583 839 645 in
861 603 980 645 nummo
999 580 1156 666 Principis·
1173 579 1210 650 S.

168 685 293 771 Giorgio
308 682 432 769 Spinelli
445 683 649 771 Neapolitani.
678 684 756 772 Typi
768 685 815 748 hic
830 704 944 768 quoque
960 683 1085 749 discerni
1102 686 1212 753 debent

168 789 226 852 tluo
241 789 320 851 inter
334 807 367 850 se
383 787 507 851 diversi?
533 785 597 852 Aut
611 787 689 852 enim
704 786 799 872 gallus
814 786 993 870 conspicitur
1007 798 1037 851 ct
1050 785 1211 862 Minervae

169 900 257 974 caput
279 911 346 953 oum
365 889 457 953 latina
477 889 671 973 inscriptione
689 911 788 966 muno,
813 889 890 974 stylo
904 899 936 952 et
944 889 1026 974 typis
1039 889 1146 954 iisdem
1161 891 1211 975 qui
1251 958 1259 977 κ

170 1002 241 1056 sunt
262 1012 446 1055 nummorum
467 992 615 1076 priorum,
647 1003 698 1056 aut
716 1001 817 1055 exstat
837 1002 924 1074 caput
936 990 1084 1074 Apollinis
1100 994 1131 1076 )<
1143 1003 1211 1057 tau·

170 1112 221 1157 rus
236 1114 301 1157 cum
317 1093 393 1157 facie
408 1093 547 1172 humana,
571 1095 691 1157 volonno
706 1113 795 1176 supra
809 1089 965 1172 Victoria3
989 1104 1020 1157 et
1041 1093 1071 1156 hi
1093 1095 1210 1176 quidem

172 1192 282 1263 nummi
296 1214 418 1276 prorsus
433 1195 577 1259 accedunt
591 1194 627 1258 ad
642 1215 778 1258 nummos
794 1190 912 1258 Calium
927 1205 958 1257 et
971 1190 1117 1273 Suessae,
1132 1214 1210 1278 quae

170 1297 241 1359 uults
254 1294 287 1359 in
301 1295 363 1359 suis
377 1296 467 1360 ctiorn
481 1294 647 1361 Victoriam
661 1296 801 1359 ostendit.
831 1293 1001 1361 Discrimcn
1014 1308 1114 1361 umen
1127 1297 1161 1361 in
1173 1318 1211 1363 eo

169 1407 219 1461 cst
230 1396 368 1479 positum,
393 1399 469 1481 qnod
483 1399 513 1462 in
528 1399 586 1472 illis
601 1396 710 1461 Latina
724 1396 955 1481 cumscriptio,
980 1399 1013 1461 in
1027 1398 1073 1463 his
1095 1395 1211 1479 Osce,

170 1501 323 1573 Tianud.
368 1505 495 1573 Praeter
509 1510 563 1572 hos
583 1528 718 1571 nummos
734 1527 843 1570 aeneos
859 1508 993 1590 argentei
1006 1506 1117 1592 reperti
1128 1518 1209 1588 sunt,

171 1616 277 1701 partim
292 1617 402 1681 eximia
417 1629 481 1681 arte
502 1618 582 1682 cusi:
605 1628 692 1702 caput
711 1616 848 1681 llcrcnlis
863 1617 979 1680 invenis
994 1617 1079 1681 lons
1094 1617 1212 1681 uxoriis

156 1729 280 1811 ‘toccum
301 1720 332 1804 )(
350 1717 488 1784 Victoria
505 1719 536 1782 in
550 1718 653 1802 trigis3
676 1740 780 1782 nusus
795 1740 898 1782 eorum
912 1719 1066 1803 inscriptio
1081 1728 1213 1783 oseaost

171 1822 326 1894 Tianud.
374 1827 491 1893 Littera
512 1829 524 1892 i
545 1828 697 1912 singulare
719 1827 776 1892 hoc
798 1829 897 1906 habet,
924 1829 1001 1910 quod
1022 1828 1214 1915 parpalines

171 1948 346 2003 transversa
359 1939 476 2004 inferno
491 1939 633 2002 inclinata
647 1949 704 2002 cst.
742 1937 791 2001 Ea
812 1939 891 2002 linea
912 1937 944 2001 in
965 1960 1103 2019 nummo,
1127 1958 1214 2023 quern

172 2037 246 2104 Dux
258 2038 424 2126 chuynes
436 2043 460 2123 1)
473 2039 642 2124 publicavit,
659 2040 734 2103 falso
747 2040 777 2102 in
793 2040 943 2103 sinistram
952 2040 1090 2104 elementi
1101 2040 1214 2127 partein

172 2142 318 2204 translata
333 2142 524 2225 conspicitur.
553 2139 690 2223 Denique
705 2142 815 2205 nummi
830 2141 975 2205 habentur
986 2164 1051 2206 cum
1066 2140 1214 2228 Apollinis

173 2251 268 2337 capite
284 2262 314 2315 et
327 2263 425 2330 tauro,
443 2271 565 2334 quorum
579 2250 631 2313 uni
645 2251 722 2336 parti
735 2251 926 2336 inscriptum:
942 2244 1097 2340 Timui,
1115 2250 1212 2315 alteri:
1267 2262 1272 2273 ⁸

173 2362 372 2437 Sidilinud.
407 2367 451 2431 Et
469 2368 617 2461 posterior
638 2369 754 2453 quidem
777 2369 928 2455 inscriptio
950 2369 1020 2434 clim
1034 2349 1123 2456 saepe
1137 2368 1215 2434 male

173 2479 251 2544 lecta
272 2478 466 2562 etreddita2)
487 2489 533 2542 est
548 2478 585 2541 ab
599 2476 737 2564 Ignarra,
763 2474 906 2558 Sestinic,
930 2476 1099 2559 Micnneto,
1123 2450 1215 2565 (lom-

172 2581 242 2647 bec.
272 2578 387 2647 Verum
401 2581 512 2666 primus
526 2580 601 2644 vidit
614 2580 781 2648 Avellinius
793 2585 832 2666 ³),
857 2581 939 2647 cuius
954 2591 1054 2645 tamen
1067 2581 1098 2645 in
1111 2601 1215 2665 exem·

173 2694 221 2781 plo
236 2705 372 2767 ennena
386 2693 485 2758 littera
500 2693 628 2757 nominis
645 2684 829 2758 Sidikinud
845 2691 1041 2757 desideratur.
1069 2688 1216 2775 Equidem

173 2816 309 2891 ectypum
330 2804 520 2882 nonhabeo,
544 2825 603 2886 qua
622 2803 658 2864 de
679 2823 769 2865 causa
783 2801 1006 2885 inscriptionem
1025 2813 1139 2867 mnam
1159 2801 1216 2881 elo

175 2905 253 2991 (No.
272 2905 341 2986 17.)
356 2905 478 2980 nummi,
502 2924 588 2986 quem
600 2904 663 2986 ipse
680 2915 817 2968 accurate
832 2902 869 2965 ad
884 2904 1051 2987 exemplum
1063 2901 1215 2991 Principis

175 3010 240 3079 San
255 3013 379 3099 Giorgio
396 3010 521 3096 Spinelli
534 3010 728 3097 Neapolitani
750 3013 906 3077 delineari.
942 3010 1007 3077 Iam
1028 3008 1096 3081 -utl
1115 3014 1216 3095 terni·

173 3123 256 3188 natio
271 3124 341 3206 quin
353 3134 437 3187 recte
451 3123 529 3186 lecta
542 3123 592 3201 sit,
617 3145 678 3188 non
693 3135 740 3188 est
754 3123 887 3187 dubium:
911 3144 968 3188 nec
981 3124 1079 3189 minus
1093 3144 1147 3209 pro
1161 3143 1217 3191 cx-

174 3231 290 3317 plorato
309 3231 444 3296 videmur
464 3233 549 3296 nobis
572 3235 717 3297 affirmare
737 3254 825 3317 posse
840 3255 948 3298 nomen
962 3226 1217 3300 oscum-Tionml

175 3342 356 3427 respondere
369 3340 480 3406 Latino
494 3340 596 3408 Tian
606 3367 636 3423 o,
660 3344 746 3428 idque
760 3365 864 3408 rursus
877 3342 1016 3408 Romano
1030 3342 1215 3424 Teanum,
1230 3362 1234 3375 ¹

175 3444 241 3509 sive
255 3445 326 3508 illul
341 3456 387 3509 cst
406 3446 632 3525 substantivum,
657 3447 733 3524 sive,
757 3447 833 3529 quod
853 3448 1002 3530 praefero,
1028 3445 1216 3510 adiectivum.

177 3543 269 3612 Certe
281 3567 337 3632 pro
346 3549 459 3632 spuriis
473 3561 507 3612 nt
521 3549 647 3613 habeam
661 3559 915 3612 nummostantum
927 3548 1022 3626 abest,
1034 3558 1066 3611 ut
1075 3546 1220 3613 multis&

178 3650 275 3714 causis
291 3651 435 3733 genuinos
449 3661 560 3735 putem.
592 3649 639 3716 lta
653 3651 741 3714 simili
754 3650 869 3714 ratione
890 3650 921 3713 in
936 3650 1063 3715 nummis
1079 3647 1219 3714 -Lurini

248 3890 275 3955 l)
293 3889 376 3942 Ghoix
396 3889 428 3940 dc
441 3887 510 3942 Mld.
530 3906 654 3957 grecques
670 3907 717 3960 par
735 3891 767 3944 H.
788 3890 842 3943 Duc
861 3891 893 3942 dc
910 3889 1023 3958 Luynes.
1044 3889 1118 3941 Paris
1138 3889 1217 3944 1810.

245 3974 275 4038 2)
293 3974 392 4028 Eckhel
409 3975 500 4035 Doctr.
520 3975 541 4028 1.
559 3990 585 4042 p.
607 3976 664 4029 118.
683 3975 760 4045 Leps.
782 3978 813 4029 (lc
830 3977 885 4029 tob.
904 3975 1005 4041 Eussub·
1024 3990 1051 4043 p·
1069 3975 1110 4034 5⁰·
1130 4028 1134 4032 .

247 4056 275 4122 3)
295 4057 385 4112 Giorn.
404 4058 528 4114 Itonion.
549 4060 594 4114 lll.
615 4076 640 4131 p.
660 4061 703 4117 st.
827 4075 828 4079 ’
