2760 4754
173 287 218 356 w
473 308 712 355 insomniorum
732 311 909 360 ιιιιιιιοιιι.

172 461 242 528 berc
255 463 381 529 *videtur
401 465 662 549 significationem,
687 477 718 556 et
737 467 915 532 adjectivum
935 464 1078 557 boulido,
1106 465 1210 536 iouu-

171 576 262 669 bom,
289 581 340 647 vel
358 583 392 646 in
412 582 512 648 tabula
533 578 688 647 Veliterno
711 579 832 668 botibe,
857 587 944 668 quod,
969 588 995 650 si
1008 597 1121 650 rectum
1135 586 1211 657 vidi-
1287 638 1288 644 ,

170 706 248 782 mus,
258 690 442 755 ‘urbanus
457 691 629 755 vertendum
645 702 737 756 esset.
760 691 895 759 Eandem
910 714 1014 758 vocem
1029 712 1211 778 cognoscere

171 793 276 884 aliquis
291 793 364 857 velit
376 793 408 856 in
423 794 617 878 appellatione
632 794 737 857 summi
747 795 936 878 magistratus
948 793 1107 875 Oscorum,
1125 817 1214 881 quom

170 892 276 958 bivios
298 906 327 958 et
347 893 464 960 Ennius
487 897 562 980 apud
584 894 705 960 Festum
727 897 877 961 meddix
897 897 947 960 vel
967 899 1096 963 medix
1116 897 1211 962 tuti·
1311 919 1313 923 ’

172 1009 246 1085 cus,
263 1004 469 1089 inscriptiones
485 1000 638 1072 meddiss
657 1002 786 1073 trivtibs
800 1007 970 1087 nominant3
983 1008 1080 1072 littera
1093 1008 1171 1072 enim
1186 1003 1210 1071 ti

170 1135 242 1180 osee
262 1115 372 1200 scripta
393 1117 551 1201 respondet
572 1115 603 1179 in
625 1116 717 1180 latina
745 1104 891 1182 Oscorum
920 1117 1085 1181 litteratura
1113 1115 1209 1180 vocali

170 1207 216 1292 du
230 1226 279 1290 vel
293 1229 362 1311 0²),
386 1225 417 1289 in
431 1226 523 1290 launa
536 1225 638 1312 lingua
653 1248 672 1291 u
687 1226 735 1291 vel
750 1229 816 1312 0²).
841 1224 927 1291 Nihil
943 1227 1061 1291 omnino
1076 1224 1208 1311 impedit,

84 1384 87 1386 >
169 1316 650 1425 quominusmcddixtutieus
665 1335 850 1421 fueritquasi
867 1336 1004 1400 consul
1025 1335 1207 1414 urbanus3

169 1458 237 1515 uam
259 1439 331 1502 duos
352 1438 517 1502 habuerunt
536 1439 701 1516 meddiees,
726 1459 849 1521 quorum
873 1437 948 1502 alter
966 1439 997 1502 in
1011 1436 1210 1521 inscriptioni·

49 1587 69 1645 κ)
169 1551 223 1632 bus
239 1549 401 1633 appellatur
415 1541 569 1613 meddiss
590 1542 801 1640 degotasit'ss.

192 1660 399 1739 Mittimus
422 1666 469 1730 hic
491 1666 693 1749 quaestionem
714 1666 749 1729 de
771 1664 871 1729 verbis
891 1671 964 1732 tuta
990 1660 1155 1752 lbusu‘ua,
1179 1676 1210 1728 et

168 1717 301 1864 dusmus
314 1775 561 1858 significationem
575 1776 659 1840 vocis
673 1785 751 1840 tuta
766 1777 803 1839 ad
813 1775 953 1857 liquidum
967 1796 1022 1840 nos
1033 1775 1210 1860 perduxisse

93 1946 94 1949 ,
169 1896 352 1962 nequaquam
373 1880 518 1942 affirmare
540 1878 682 1956 velimus,
712 1877 742 1941 id
764 1888 883 1961 tamen,
914 1879 991 1961 quod
1014 1877 1214 1951 demonstrari,

53 2077 54 2080 Ἴ
167 1988 411 2091 possediximus,
435 1993 510 2052 tuta
524 1988 751 2075 substantivum,
775 1981 921 2053 lbuvina
936 1988 1111 2052 adiectivnm
1126 2008 1206 2065 osse,
1260 2015 1263 2022 ·

167 2098 387 2183 demonstrasse
402 2095 487 2159 nobis
502 2094 647 2159 videmur.

252 2197 288 2266 Iu
304 2196 574 2311 dispositione
595 2195 790 2260 tabularum
781 2197 896 2260 initium
917 2196 1039 2260 fecimus
1062 2218 1080 2261 a
1101 2196 1209 2261 tabulis

167 2274 299 2368 umbrico
318 2297 445 2385 scriptis,
470 2297 575 2383 quippe
590 2319 665 2380 quae
680 2298 745 2362 sine
760 2299 846 2362 dubio
862 2320 915 2384 pro
930 2297 1140 2363 vetustioribus
1156 2298 1208 2362 ha·
1224 2376 1228 2384 Ι

167 2390 282 2482 Bendas
301 2400 370 2465 sint
405 2395 535 2462 Diverso
556 2400 634 2462 cuim
649 2410 779 2484 tempore
795 2399 919 2484 scriptas
936 2421 1014 2478 esse,
1040 2411 1070 2464 et
1091 2420 1132 2463 ex
1153 2398 1208 2463 lin·

168 2502 228 2591 gua
242 2512 273 2568 et
286 2523 327 2568 ex
341 2499 486 2586 scriptura
509 2498 605 2563 evinci
626 2512 734 2586 potest.
774 2500 856 2566 Inter
878 2503 1055 2566 vetustiores
1075 2502 1141 2566 illas
1163 2512 1208 2566 ta-

167 2607 237 2696 bula
263 2605 382 2694 prima
404 2614 434 2666 ot
462 2603 630 2667 secunda
657 2601 761 2667 eodem
783 2615 915 2691 tempore
937 2604 1096 2688 cademque
1119 2598 1215 2669 manu-

167 2704 295 2794 scriptae
309 2710 393 2770 suut.⁴
415 2701 551 2768 Tabulae
564 2705 687 2769 tertia
701 2717 732 2770 et
744 2719 880 2790 quarta
898 2708 977 2772 inter
991 2728 1024 2772 se
1040 2706 1208 2771 consimiles

167 2812 336 2895 discrepant
349 2808 386 2871 ab
400 2807 457 2870 ittis
471 2827 533 2869 non
548 2805 672 2868 dialecto
687 2806 817 2891 linguae,
842 2809 894 2871 sed
908 2810 1120 2891 magnitudine,
1144 2822 1209 2872 ma*¹

166 2933 219 2992 nu,
242 2921 275 2974 et
295 2909 371 2993 quod
393 2916 558 2969 memoratu
579 2905 695 2988 dignius
716 2918 773 2985 est,
793 2919 944 2971 certarum
964 2909 1126 2972 litterarum
1146 2912 1208 2974 for-

166 3010 308 3080 matione.
345 3007 381 3074 In
401 3008 460 3072 illis
474 3005 561 3070 'enim
575 2998 766 3072 litterarumt
785 3019 818 3072 et
836 3030 855 3072 z
876 3008 1002 3073 lineolae
1017 3021 1219 3083 transversae,
1284 3089 1286 3091 ,

166 3109 302 3183 uuncum
323 3122 445 3189 secant,
469 3108 567 3174 iubis
589 3130 649 3173 non
664 3122 779 3174 secant.
822 3110 910 3176 Hanc
923 3113 1048 3176 formam
1062 3113 1207 3178 iuniorem

167 3236 246 3296 esse,
270 3215 350 3280 numi
365 3211 520 3295 Tudertini
535 3212 737 3296 comprobant,
761 3235 883 3298 qnorum
899 3214 1090 3299 antiquiores,
1116 3226 1149 3279 ut
1161 3215 1208 3279 iu-

167 3317 403 3396 canusinus,
426 3313 518 3392 illam,
541 3312 672 3378 iuniores
688 3315 764 3380 hanc
779 3318 903 3381 formam
919 3317 1070 3382 exhibent
1091 3314 1215 3382 Tabulas
1318 3306 1319 3309 ¹

166 3422 303 3511 quinta
321 3438 387 3484 cum
407 3416 515 3482 tabulis
531 3415 619 3479 tertia
633 3429 664 3480 ct
677 3420 826 3502 quartaiu
840 3420 1004 3484 litterarum
1019 3419 1121 3484 formis
1135 3441 1208 3483 eon·
1273 3486 1276 3489 ,
1307 3441 1311 3448 ·

165 3526 259 3603 nouit,
272 3523 333 3588 ‘sed
349 3543 367 3586 a
381 3531 507 3605 quatuor
520 3519 666 3604 prioribus
680 3542 740 3584 non
755 3522 849 3587 solum
864 3535 991 3588 externa
1004 3522 1081 3586 facie
1096 3522 1207 3584 discre-

166 3640 229 3715 pat,
252 3627 306 3691 sed
328 3623 452 3687 dialem
474 3642 607 3704 quoque,
630 3622 660 3685 in
683 3623 766 3687 cuius
789 3624 891 3688 formis
918 3625 1013 3709 magis
1035 3623 1147 3688 accedit
1170 3624 1207 3686 ad

165 3727 361 3798 recentiorem
376 3724 532 3791 ducciam
545 3723 709 3791 tabidarum
731 3725 822 3790 latine
844 3726 1027 3811 scriptarum.
1071 3723 1207 3811 Disposi-

238 3927 268 4008 ι’)
281 3931 371 4002 conpr
385 3920 483 4006 puiset
491 3944 594 4008 pous5
617 3942 691 4004 pun,
711 3942 795 4006 pona
811 3888 990 4008 pust‚,post‚
1006 3932 1041 3989 al.

236 4029 368 4112 2)Comp.
384 4022 559 4104 Nt'tvlaut'ls,
583 4021 845 4106 Nolanusptm,
866 4051 972 4102 quum,
993 4035 1140 4114 *bari-s
1161 4086 1162 4091 ,
1191 4076 1195 4087 ,
