2760 4754
166 324 191 388 d
468 343 708 388 snscsrsrrcuss
729 341 904 387 ossmcas.

168 489 296 555 omnium
326 491 461 555 adiunxit
488 512 544 555 neo
572 490 654 555 locos
683 490 787 574 quibus
806 489 858 553 illa
879 497 1001 552 exstant
1022 487 1210 572 consignavit

168 613 282 656 omnes.
314 588 458 670 Ultimus,
483 592 535 655 sed
551 591 627 656 idem
642 592 828 655 doctissimus
843 593 921 656 inter
934 590 1050 654 italicos
1064 589 1209 673 interpres

167 705 213 757 tes
234 691 457 757 Ludovicus
480 691 689 774 Lanzins1)
714 693 779 770 luit,
811 693 860 774 qni
883 690 1210 776 operissuidehligna

167 806 285 858 etrusca
298 805 394 858 totum
408 796 471 857 sere
485 795 603 858 tertium
623 792 762 856 volumen
777 794 813 857 de
833 793 940 857 tabulis
961 792 1115 876 eugubinis
1138 793 1210 855 con'·

167 895 302 978 scripsit,
333 895 516 977 iudicemque
538 895 624 977 paulo
646 895 865 977 locupletiorem
886 893 1068 958 Passeriauo
1088 893 1207 956 adiecit.

166 993 264 1059 Multa
283 995 447 1059 rectissime
468 995 494 1058 is
510 994 582 1058 vidit
596 1006 627 1058 et
640 995 826 1059 considerate
840 995 872 1057 in
887 995 1070 1080 explicandis
1085 993 1209 1077 singulis

168 1097 241 1159 locis
255 1098 404 1161 disseruit.

245 1197 341 1266 =Novo
364 1195 483 1260 saeculo
505 1209 615 1259 novum
638 1197 732 1260 omnis
753 1196 919 1280 linguarum
934 1196 1059 1261 scientia
1073 1198 1150 1280 cepit
1162 1196 1208 1259 in-

168 1310 361 1374 crementum,
377 1297 506 1360 maxime
521 1299 552 1360 in
568 1295 738 1361 Germania.
760 1294 879 1379 Agmen
894 1296 942 1359 hic
956 1297 1041 1361 duxit
1056 1295 1097 1361 0.
1113 1296 1208 1361 Miil-

168 1402 279 1463 lerus
292 1408 332 1477 ²),
363 1399 412 1483 qni
433 1400 464 1461 in
486 1399 639 1481 praeclaro
663 1399 699 1461 de
719 1397 856 1461 Etruscis
879 1418 968 1480 opere
989 1399 1138 1463 ambricae
1153 1399 1208 1462 lin·

168 1522 243 1586 guae
265 1501 411 1563 elementa
432 1520 473 1563 ex
492 1500 599 1563 tabulis
615 1498 768 1581 eugubinis
789 1499 943 1564 enucleata
965 1500 1075 1583 primus
1090 1522 1209 1584 compo·

169 1602 247 1680 snit3
271 1602 307 1664 de
327 1600 507 1683 singularum
531 1601 694 1663 litterarum
714 1599 957 1684 pronunciatione
972 1612 1003 1664 et
1016 1602 1209 1684 grammatica

172 1703 339 1767 conditione
354 1700 474 1784 egregie
489 1700 647 1780 disseruit,
671 1723 779 1765 novam
800 1700 950 1766 ambricae
964 1703 1147 1767 litteraturae
1161 1703 1209 1766 lit·

168 1816 261 1868 teram
282 1805 297 1868 i
318 1801 495 1880 vindicavit,
526 1802 695 1887 complures
717 1803 921 1867 declinationis
943 1815 974 1868 et
994 1804 1209 1888 coniugationis

168 1908 280 1969 termas
302 1904 444 1989 explicuit
464 1914 495 1966 et
517 1927 581 1967 cum
606 1906 712 1969 ceteris
739 1903 843 1968 ltaliae
870 1904 978 1988 linguis
1005 1905 1207 1990 comparavit,

168 2009 288 2071 uomina
302 2007 427 2087 deniqne
444 2006 564 2068 deorum
580 2017 610 2068 et
624 2007 809 2085 animalium,
833 2008 1042 2090 nonnullaque
1046 2007 1210 2069 numeralia

169 2107 299 2190 collegit,
322 2117 355 2169 ut
368 2106 487 2219 liuguae
501 2106 569 2168 inde
584 2117 719 2168 naturam
734 2106 916 2188 exploraret.

188 2206 361 2276 Mihi
352 2207 409 2290 ipsi
432 2212 547 2288 pioque
560 2206 638 2268 idem
652 2203 810 2287 Miletus,
834 2229 890 2290 quo
907 2205 1066 2292 Gottingae
1081 2207 1209 2272 dilectis-

88 2379 90 2382 ,
169 2310 244 2373 simo
260 2331 330 2373 osus
346 2330 410 2372 snm
425 2319 629 2390 praeceptore,
647 2319 750 2371 auctor
764 2309 889 2389 exstitit,
899 2322 939 2374 nt
953 2311 1114 2375 studiorum
1128 2330 1209 2373 meo·

169 2432 234 2474 rom
256 2411 398 2496 primitias
429 2409 521 2472 hoc'
512 2431 544 2470 ιιι
566 2420 755 2473 monumento
781 2413 992 2495 perscrutando
1015 2433 1154 2497 ponerem
1165 2414 1207 2492 ⁸).

168 2510 248 2574 llinc
270 2511 414 2575 antelios
436 2521 504 2574 octo
527 2532 621 2574 annos
643 2511 880 2577 dissertationem
902 2513 1006 2598 scripsi
1028 2513 1064 2578 de
1084 2510 1209 2576 Tabulis

167 2610 347 2696 Engrbinis,
370 2613 468 2696 ibique
482 2614 514 2676 in
523 2612 648 2676 exordio
663 2614 748 2696 posui
763 2613 915 2679 historiam
932 2616 1108 2693 tabularum,
1126 2615 1210 2678 cuius

168 2736 311 2778 sommam
331 2716 430 2799 iniis,
455 2737 530 2798 quae
544 2715 631 2779 modo
647 2715 756 2798 legisti,
780 2718 903 2801 repetii3
927 2718 1032 2782 deinde
1047 2718 1083 2780 de
1097 2717 1210 2779 littera-

168 2827 234 2879 tura
256 2813 436 2881 Umhrornm
458 2817 584 2880 disserui
606 2827 636 2879 et
651 2838 734 2880 suam
750 2819 817 2881 huic
831 2821 937 2902 populo
952 2820 1099 2905 propriam
1114 2817 1211 2880 vindi·

169 2916 253 2993 cavi3
277 2917 410 2999 singulas
430 2917 544 2979 litteras
566 2916 743 2999 perlustravi
764 2938 922 3000 earumque
936 2918 1209 3003 pronunciationem

168 3017 291 3095 rectius,
304 3028 347 3081 ot
365 3017 437 3080 mihi
456 3017 572 3095 videor,
597 3017 733 3096 delinivi,
758 3038 799 3081 ex
812 3018 994 3082 litteraturae
1009 3019 1124 3082 ratione
1139 3040 1211 3083 con·

169 3119 311 3183 lecturam
327 3119 384 3183 ieci
399 3119 434 3182 de
451 3128 592 3202 tempore,
603 3140 660 3201 quo
676 3119 808 3202 singulae
824 3119 940 3184 tabulae
954 3119 1113 3205 inscriptae
1127 3121 1210 3184 vide-

62 3299 65 3308 Ι
169 3231 290 3300 rentur,
315 3223 405 3298 linem
418 3220 475 3283 leci
490 3221 557 3284 huic
572 3220 683 3304 primae
699 3221 913 3317 dissertationis
928 3223 1088 3307 particulae
1103 3222 1134 3285 in
1150 3222 1209 3285 dis-

170 3321 327 3404 quisitione
350 3323 386 3385 dc
410 3322 511 3386 ordine
535 3322 700 3387 tabularum
726 3322 835 3386 rectius
865 3323 1081 3388 constituendo.
1126 3321 1210 3386 lteli-
1239 3310 1241 3319 ’

170 3443 258 3505 qnam
280 3423 343 3487 eius
363 3423 471 3486 laboris
493 3436 605 3507 partem
625 3424 774 3507 hucusque
795 3424 923 3488 nondum
946 3426 981 3488 ad
1002 3428 1089 3489 finem
1104 3425 1209 3509 perdu-

170 3543 239 3588 cere
254 3537 284 3589 et
298 3527 329 3588 in
343 3525 489 3611 poblicum
504 3527 592 3589 edere
607 3527 698 3609 potui,
724 3525 789 3589 aliis
811 3538 983 3612 praereptus
999 3527 1122 3605 studiis3
1146 3548 1209 3604 ma„-

171 3732 378 3744 m-

108 3917 113 3929 ,
240 3871 265 3934 1)
283 3870 377 3942 Saggio
396 3871 422 3921 di
440 3872 529 3936 lingua
547 3879 661 3925 etrusca
689 3872 778 3925 Roma.
800 3871 876 3925 1789.

144 3968 147 3972 ’
237 3953 266 4019 2)
285 3954 333 4006 nte
350 3956 488 4009 Etensker
514 3956 623 4009 Breslau
643 3958 718 4013 1828.
857 3963 860 3965 ’
1215 4017 1217 4022 f

238 4039 266 4108 9)
284 4039 323 4092 ne
340 4040 448 4093 Tabulis
466 4042 617 4108 dagubinis
645 4041 780 4095 Particnla
796 4043 888 4118 prims
914 4041 1038 4093 lterolini.
1060 4041 1136 4096 1999
