2760 4754
175 316 241 382 166
429 363 440 382 .
497 318 600 379 burm
622 336 888 381 ιιιιιιιιιιιιι.

176 485 323 568 betium1)
339 503 517 568 magnopere
532 486 724 567 perturbavit,
749 485 817 549 lioet
838 485 926 548 etiam
940 484 1036 548 maior
1049 484 1099 562 sit,
1123 502 1216 566 quant

175 588 223 651 ille
239 586 418 671 perviderat.
443 585 523 650 Nam
538 585 570 649 in
584 608 643 651 uua
659 587 769 650 nummi
783 598 867 671 parto
882 608 934 671 pro
949 611 978 651 ι.
995 607 1129 652 aravum
1144 608 1181 653 ιι.
1197 609 1217 651 ι

44 703 55 719 ’
175 709 222 762 ιιι
243 690 289 763 G.
317 691 426 788 Paapi
452 690 521 784 G.‚
554 695 585 758 in
606 695 701 760 altura
720 717 773 780 pro
802 694 921 761 Roma
949 717 1009 773 non
1037 704 1069 760 nt
1090 695 1122 762 in
1145 695 1213 760 aliis

174 809 291 902 Mutii,
321 813 374 877 sed
395 810 529 878 ltalia.

256 922 289 989 6.
312 923 398 989 Νοι
408 922 503 986 minus
526 918 651 1005 denique
672 933 826 1006 suspectus
845 921 917 985 mihi
936 923 1054 987 videtur
1073 943 1215 989 nummus

173 1047 254 1108 usse,
277 1026 325 1109 qui
347 1026 378 1090 iu
397 1046 458 1123 uua
479 1035 562 1109 parta
583 1024 744 1088 bestiarum
759 1045 886 1108 pugnam
899 1025 1037 1089 ostendit
1077 1021 1214 1090 Contun-

174 1132 244 1194 dero
264 1130 343 1193 intur
363 1149 397 1194 ιι
419 1128 514 1214 primo
532 1137 653 1212 aspectu
674 1127 790 1191 leonem
811 1127 915 1190 credas
937 1114 1212 1210 caementatur),

174 1234 227 1297 sod
246 1231 425 1317 probabilius
445 1252 499 1315 pro
522 1240 607 1294 tauro
629 1227 739 1293 habeas
756 1224 920 1293 Samnitico
934 1239 963 1292 ιι
977 1229 1046 1313 lupa
1058 1227 1210 1295 Romana.

173 1340 254 1406 Infra
275 1340 383 1426 legitur
404 1333 450 1407 G.
478 1335 606 1431 Paapi,
633 1337 725 1423 patris
749 1337 868 1402 nomine
891 1348 995 1403 contra
1015 1360 1127 1404 morum
1149 1360 1213 1403 non

173 1451 282 1515 addito.
324 1447 360 1512 ln
375 1449 468 1514 altera
482 1460 566 1534 parto
581 1458 668 1533 oaput
681 1458 728 1511 est
743 1437 869 1525 'hedera
893 1468 954 1511 non
974 1457 1006 1510 ut
1021 1447 1096 1512 alias
1110 1446 1209 1527 lauro,

173 1552 311 1618 uinctum.
341 1549 481 1617 Mulieris
496 1562 584 1637 oaput
601 1571 680 1630 esso,
705 1549 784 1613 nulla
797 1569 832 1613 ιι
845 1549 1008 1630 indicatum
1031 1570 1085 1634 pro
1098 1547 1213 1614 Baoubi

172 1663 270 1748 potius
285 1660 407 1725 habeas.
431 1659 601 1745 Epigrapho
616 1670 679 1724 est:
704 1652 810 1725 Mutss
828 1651 1016 1726 umbratur.
1042 1655 1141 1723 Unum
1156 1678 1212 1723 ox·

171 1767 297 1854 emplum
310 1765 441 1832 Londiui
456 1780 629 1833 asservatur
642 1770 687 1858 (v.
702 1768 764 1834 tab.
775 1765 884 1832 XXX.
901 1767 967 1834 No.
982 1767 1034 1836 46
1039 1773 1066 1853 ),
1084 1769 1240 1835 alterum·

171 1871 233 1936 dux
247 1872 283 1934 (ιι
297 1868 420 1956 Lnynos
431 1875 456 1955 8)
472 1871 614 1954 possidet.

256 1970 418 2037 Praeterea
432 1983 572 2056 tanquam
586 1974 750 2040 ιιιιίιιίιιιι
765 1973 896 2058 spurium
911 1994 1079 2051 nummum,
1103 1972 1152 2036 oui
1164 1971 1211 2036 in*

171 2082 310 2167 scriptum
332 2093 379 2146 ost
399 2077 576 2172 vitaliani,
611 2081 845 2166 roprobavimus.
868 2080 951 2147 Idam
970 2079 1188 2147 sumendum
1177 2100 1210 2145 nr

171 2199 285 2276 uniois,
314 2218 439 2282 quorum
460 2198 638 2284 epigraphao
667 2210 738 2265 suut
758 2191 810 2270 G,
833 2194 938 2267 Mutil
963 2191 996 2294 )(
1021 2189 1209 2292 sabaim)

173 2317 223 2382 vol
243 2309 378 2383 Viteliu
403 2307 437 2410 )(
461 2311 523 2385 Ni.
553 2311 656 2382 Luuii
680 2308 794 2413 Mrrt.

226 2437 231 2449 '
253 2424 357 2507 Itaque
379 2427 436 2489 duo
456 2428 656 2493 tantummodo
677 2437 791 2491 restant
812 2428 886 2493 corti
905 2429 986 2514 typi,
1015 2448 1138 2512 quorum
1161 2426 1210 2512 qui

170 2527 259 2592 habet
271 2527 493 2614 inscriptionum
506 2519 795 2609 romanamltalia,
807 2527 981 2596 Corfinii
995 2531 1102 2609 iuorit3
1117 2518 1210 2607 altor,
1244 2518 1249 2525 ’

169 2630 252 2696 ouius
272 2631 332 2694 duo
352 2642 423 2695 sunt
443 2634 597 2717 exempla,
622 2653 693 2699 osto
710 2632 870 2718 inseriptns
891 2633 929 2698 ud
948 2632 1052 2697 urbem
1070 2629 1211 2697 Bovia-

169 2733 443 2800 uumroiorondus
457 2734 667 2800 videturesse.
743 2788 745 2792 .
1168 2761 1171 2767 ·

375 2931 578 3006 Νιιιιιιιιί
601 2931 1001 3023 transmeatum.

252 3082 289 3150 lu
303 3085 429 3150 nummis
444 3088 682 3175 transapenninis
697 3088 793 3170 stilus,
815 3089 941 3175 pondus,
958 3088 1104 3176 scriptura
1120 3066 1210 3175 atquo

131 3280 133 3288 y
168 3187 242 3252 adeo
259 3188 364 3253 divisio
378 3209 398 3252 a
413 3187 610 3275 cisapenninis
624 3191 712 3278 longe
727 3195 797 3259 sunt
810 3192 938 3258 diversa.
962 3190 1072 3258 Natus
1087 3189 1210 3271 omnino

237 3459 262 3523 Ι)
280 3458 371 3512 Doctr.
392 3460 411 3513 1.
432 3478 457 3528 p.
478 3463 537 3517 too.
1079 3504 1082 3509 v

233 3543 261 3610 2)
279 3544 444 3600 crocodilum
463 3549 554 3602 vidoro
572 3551 622 3605 sibi
640 3553 714 3606 visua
731 3559 774 3607 ιιι
790 3550 940 3617 bokboliuu,
959 3551 1028 3603 nalo
1045 3563 1108 3603 usus
1122 3556 1209 3603 utar·

166 3629 252 3681 bitror
275 3638 378 3701 ectypo.
416 3632 482 3687 Nam
509 3637 615 3689 obstant
631 3639 710 3704 pedes
727 3636 868 3704 contracti,
888 3637 973 3689 cauda
989 3636 1085 3702 tannia,
1104 3642 1132 3689 ot
1149 3651 1210 3689 oos-

166 3721 219 3789 ιιι.
256 3714 339 3784 Cuput
356 3733 420 3771 saue
438 3721 520 3774 maius
539 3728 589 3788 est,
608 3723 655 3774 aad
672 3723 787 3791 lupinum
806 3738 839 3776 ιιι
857 3722 966 3775 artificis
985 3729 1071 3775 mente
1089 3714 1209 3774 certiori.

166 3814 206 3853 me
224 3810 414 3868 repraesentat.

177 3900 179 3904 ·
234 3885 263 3950 ι)
281 3884 363 3939 Cboir
381 3890 413 3941 da
432 3887 548 3944 midaitl.
568 3906 694 3961 greoquea
711 3893 765 3947 tab
787 3893 807 3946 Ι
827 3891 919 3948 Not.

168 3971 259 4036 -ι)
278 3970 387 4026 sokun
407 3990 432 4042 p.
452 3976 512 4031 163.

232 4055 259 4112 bi
279 4055 387 4113 Eckbal.
408 4061 442 4113 ib.
