2760 4754
182 319 230 386 aa
488 340 728 386 rusonmrrouse
749 340 914 387 marcas

265 483 377 570 (Ego)
399 485 496 552 daia
518 487 567 552 vel
587 486 714 552 Aveia
735 487 855 554 lartis
876 484 1037 554 Trutidi
1057 488 1108 554 vol
1127 485 1229 557 Tru·

307 588 386 652 tedi
407 588 523 673 (filia)
547 610 661 673 pono.
700 586 786 653 Sum
806 586 943 654 Verus.

180 685 307 755 Sextum
322 688 544 754 obtinetlocum
560 687 773 756 Caietanus
793 691 835 756 de
849 688 1050 778 Minicis1)
1064 691 1114 777 qui
1128 692 1232 759 verba
1253 671 1271 695 ⁸

179 815 266 856 aaran
286 811 423 857 rnvmvrs
445 813 546 856 rvnvu
567 815 640 855 suns
663 791 843 876 explicavitr

312 888 520 958 Trutivius
541 890 672 958 Funus
691 892 816 958 Asiae
838 892 950 958 filins
972 894 1080 959 fecit.

181 990 344 1079 Septimam
365 994 489 1077 denique
511 994 784 1079 interpretationem
813 995 911 1059 libabo
932 996 1074 1080 peculiari
1094 996 1228 1080 prodidit
1273 995 1281 1003 ”

179 1117 266 1180 quem
280 1097 338 1160 iam
361 1096 450 1161 tertio
473 1096 540 1160 loco
555 1096 771 1162 nominavimus
786 1094 1115 1185 Campanarius²)‚
1138 1110 1225 1183 post-

178 1218 302 1281 eaquam
331 1197 459 1282 priorem
487 1197 550 1283 ipse
578 1199 792 1282 reprobaverat
811 1199 1006 1278 sententiam
1040 1200 1112 1284 legit
1139 1200 1225 1267 euim

178 1321 256 1365 nuuc
269 1322 346 1363 anan
366 1321 502 1365 rsvrrars
524 1321 625 1364 rvuvrs
646 1322 717 1365 sere
740 1299 789 1363 vel
813 1322 905 1376 snas,
936 1310 967 1365 et
987 1299 1227 1385 intorpretatur-2.

260 1397 388 1464 Ahala
415 1398 617 1464 Trottedii
645 1400 759 1464 filius
786 1397 1223 1473 Martem-Fonionem

276 1560 279 1567 .
304 1501 401 1565 iecit
422 1501 471 1565 vel
492 1500 653 1565 dicavit.

174 1601 223 1666 Eo
242 1622 335 1686 usque
357 1602 413 1666 boo
432 1602 622 1666 memorabile
644 1613 794 1667 certamen
815 1614 1004 1686 processerat
1023 1601 1225 1686 quandum,

57 1755 64 1761 .
175 1725 254 1769 mam
274 1703 399 1787 redqui,'
423 1724 479 1767 nec
500 1702 564 1768 scio
584 1725 654 1767 num
676 1703 713 1767 ab
733 1703 784 1768 illo
804 1703 873 1769 inde
894 1716 1027 1789 temporo
1042 1715 1162 1788 praeter
1176 1724 1222 1773 aa

174 1827 250 1888 quae
263 1805 402 1885 laudavi,
426 1804 484 1869 ulia
506 1826 621 1888 quoque
634 1805 887 1890 interpretationis
900 1806 1063 1881 tentamina
1076 1806 1108 1871 ir
1121 1806 1223 1884 lucem
1245 1878 1247 1883 ,

175 1909 253 1972 edita
277 1907 398 1972 fuerint.
435 1905 580 1992 Magnam
603 1908 687 1972 vides
708 1908 935 1991 discrepantiam
953 1909 986 1973 in
1006 1907 1220 1991 interpretandi

173 2014 309 2088 ratione3
333 2019 403 2073 sunt
423 2009 501 2073 enim
523 2010 572 2092 qui
593 2009 714 2073 latinam
729 2011 900 2094 praeferant
914 2008 1143 2095 etymologiam,
1168 2009 1219 2075 alii

173 2131 312 2194 graecam
326 2110 450 2188 malunt,
474 2110 525 2174 alii
539 2110 733 2196 phoeniciam.
759 2107 857 2191 Quum
873 2132 945 2175 vero
960 2112 1089 2194 linguam
1104 2128 1146 2175 ea
1160 2130 1221 2194 pua

172 2315 350 2392 senserunt,
374 2323 568 2378 etruscum
590 2334 658 2378 esse
679 2314 810 2397 linguam
824 2335 911 2396 quam
925 2313 1077 2396 explicere
1091 2313 1221 2395 vellent..
1245 2325 1250 2335 “

169 2413 314 2481 Attamen
328 2414 404 2480 hanc
417 2415 512 2500 ipsam
526 2414 702 2481 sententiam
717 2437 779 2481 non
793 2415 868 2480 adeo
883 2426 995 2481 certam
1009 2435 1100 2493 esse,
1110 2414 1220 2500 dium

172 2517 293 2582 dixerit.
1184 2576 1187 2581 .
1220 2502 1242 2593 f

257 2615 463 2686 Secundianus
477 2614 693 2704 campanarius
708 2620 831 2704 primus,
848 2631 987 2702 mantum
1002 2619 1124 2699 scimus,
1140 2619 1216 2686 ima-

169 2722 268 2806 ginem
290 2722 384 2807 ipsam
406 2721 607 2805 inscriptionis
627 2720 708 2805 ligno
729 2721 914 2786 incidendam
936 2721 1107 2802 curavit3),
1131 2732 1162 2787 et
1182 2722 1215 2787 in

169 2825 300 2891 secunda
321 2822 528 2887 dissertatione
549 2822 638 2886 etiam
658 2823 809 2886 meliorem
833 2822 940 2887 ceteris
963 2823 1098 2887 exhibuit
1109 2823 1217 2891 laetio-

169 2947 248 2991 nem.
289 2920 393 3004 ¹(buum
413 2921 547 3004 nosipsi
569 2943 683 3004 quoque
709 2923 785 2987 bano
810 2922 969 3007 imaginem
990 2925 1214 3010 dbgendssim

169 3050 236 3094 cum
256 3025 416 3108 archetypo
437 3023 717 3107 comparaverimus,
742 3024 816 3089 baec
830 3035 943 3089 tantum
958 3027 994 3092 de
1008 3027 1136 3095 lectione
1149 3027 1220 3099 dav-

168 3130 303 3215 gularum
325 3123 487 3189 litterarum
511 3125 675 3189 adiicienda
697 3125 850 3190 habemus.
893 3125 930 3191 In
959 3116 1089 3193 secunda
1113 3128 1213 3198 littera

168 3232 262 3295 altera
282 3227 362 3291 linea
381 3236 465 3290 recta
484 3224 516 3289 in
538 3226 588 3290 illo
609 3229 746 3310 exemplo
767 3228 887 3292 nimium
908 3228 945 3292 ab
968 3231 1062 3294 altera
1077 3230 1212 3296 seiuncta

167 3342 226 3411 est,
250 3340 280 3394 et
294 3329 373 3393 nullo
387 3328 474 3392 modo
494 3326 539 3392 ΕΙ
557 3327 618 3412 legi
632 3339 741 3412 potest,
764 3330 816 3394 sed
830 3327 870 3392 Η.
906 3327 1145 3411 Decima’littcra
1159 3353 1211 3398 ae·

167 3453 222 3517 que
244 3443 332 3515 atque
353 3441 459 3495 octava
480 3428 554 3519 nihil
575 3436 622 3493 est
643 3429 700 3495 nisi
721 3428 766 3510 Τ,
780 3441 783 3445 “
797 3431 907 3495 lineola
929 3431 1007 3497 enim
1037 3438 1211 3499 unusversa

165 3534 314 3620 paulrdum
329 3532 464 3618 superius
479 3531 651 3611 collocanda
666 3542 712 3598 est
725 3525 812 3616 quam
828 3528 1044 3620 campanarius
1059 3535 1143 3621 fecit,
1159 3534 1209 3619 qui

230 3806 258 3873 1)
276 3805 384 3871 Ibidem,
403 3805 522 3856 novemb.
542 3811 569 3857 et
587 3804 717 3855 decembr.
729 3778 814 3858 ¹1837.
1175 3848 1177 3853 .
1197 3862 1200 3867 ,

230 3889 259 3956 2)
278 3890 360 3959 Supra
378 3891 405 3942 la
423 3896 528 3942 etrusca
545 3888 661 3956 epigrase
680 3888 753 3942 della
771 3898 859 3944 statua
873 3894 1018 3962 tudertina,
1037 3909 1092 3947 ecc.
1111 3893 1206 3953 flunt.

278 3975 289 4005 0

167 3975 306 4127 madidis
325 4059 393 4112 boll.
413 4058 489 4114 tata.
509 4051 534 4125 p}
555 4058 614 4113 113.
634 4059 771 4125 repetitam
788 4061 872 4114 uides.
