2760 4754
535 325 540 333 “
564 348 669 400 nomm
690 349 849 402 murena·-
1148 333 1212 397 tto

174 513 239 557 mus
253 491 287 557 N
289 514 319 556 o.
330 490 397 572 30„
417 496 493 559 alter
506 493 641 560 Parisiis.
666 495 777 560 Eorum
794 517 908 580 quoque
923 498 1130 582 inscriptiones
1144 522 1211 587 pra-

173 614 230 659 vae
253 605 322 658 sunt
341 606 371 658 et
386 595 555 676 distractae,
581 596 681 681 quales
696 597 733 660 ab
749 599 875 682 antiquis
892 600 985 664 lactas
1000 621 1143 683 nusquam
1165 604 1211 666 vi·

174 695 280 761 dimus.
320 692 466 784 Suspecta
480 699 511 762 in
525 700 561 764 iis
577 701 673 764 forma
687 710 734 763 est
745 701 970 779 elementorum,
995 722 1070 784 queo
1086 703 1210 788 apertis-

172 804 248 867 sima
268 816 348 884 sunt,
373 818 404 871 ct
417 807 444 870 iu
459 805 646 874 Berolinensi
660 806 776 890 quidem
789 808 890 887 titulus
905 807 1007 894 incipit
1029 831 1047 874 a
1068 803 1104 876 N
1106 805 1208 880 uvltr·

173 942 271 1009 num,
298 921 409 986 omissa
430 925 506 989 male
521 922 617 988 vocali
639 921 669 1000 i;
694 933 755 993 tum
770 934 849 987 csta
866 923 1047 1003 distractum,
1072 925 1208 996 dissimil-

171 1029 271 1094 limum
293 1030 363 1094 illud
384 1031 480 1097 loculo
503 1032 656 1116 quadrato,
680 1031 730 1114 qui
751 1031 875 1097 alterum
888 1055 909 1099 a
924 1053 991 1099 esse
1007 1033 1103 1124 debet.
1134 1035 1210 1104 Post

171 1134 245 1199 haec
259 1132 356 1199 littera
372 1130 393 1200 f
400 1132 543 1198 recteest
557 1135 694 1212 scrutata,
715 1144 918 1217 praeterquam
934 1135 1010 1218 quod
1024 1157 1117 1220 parva
1130 1139 1209 1205 linea

166 1235 201 1298 iu
210 1245 292 1319 parte
300 1235 452 1320 superiore
468 1246 572 1300 contra
586 1257 698 1299 morem
713 1235 858 1314 cernitur3
875 1257 942 1300 eam
957 1237 1083 1302 litteram
1098 1241 1209 1328 excipit

170 1336 310 1401 continuo
326 1341 358 1417 ις
374 1359 444 1401 nam
459 1335 526 1402 colli
541 1337 664 1422 angulus
679 1337 766 1402 latius
781 1348 931 1420 promotus
946 1339 1091 1404 elemento
1106 1366 1127 1411 a
1141 1364 1208 1428 spa-

170 1437 242 1502 tium
258 1437 356 1518 demit,
381 1439 450 1502 licet
471 1439 497 1503 is
519 1439 643 1523 angulus
659 1438 747 1504 dividi
761 1439 897 1502 videatur
910 1439 963 1517 ite,
988 1450 1020 1504 ut
1034 1459 1058 1503 n
1072 1445 1205 1526 prodeat.

170 1536 283 1606 Ultima
293 1553 342 1632 est
352 1539 450 1604 littera
465 1562 539 1622 quae
551 1553 581 1605 et
596 1558 614 1604 e
628 1552 658 1605 et
669 1563 688 1607 ι·
699 1561 767 1606 esse
782 1552 881 1625 quem,
891 1553 960 1606 ente
971 1543 1207 1614 terminationem

170 1671 267 1717 num.
299 1647 346 1713 lta
367 1648 414 1713 hic
437 1672 550 1734 quoque
572 1651 747 1715 elementum
766 1650 849 1716 deest
863 1672 953 1715 uuum
967 1673 1088 1738 prorsus
1103 1677 1206 1722 neces-

169 1760 292 1832 sarium.
322 1755 391 1823 Nec
412 1759 509 1823 minus
532 1769 635 1824 contra
656 1759 763 1823 iustum
779 1758 911 1824 ordinem
925 1759 957 1823 in
971 1761 1207 1847 exemploPam'·

169 1871 238 1935 sino
256 1861 390 1935 alastvn
409 1859 551 1953 scriptum
572 1879 631 1932 est.
666 1865 752 1933 Adeo
775 1877 872 1949 eutem
895 1867 1010 1937 litteras
1023 1891 1043 1936 a
1056 1873 1206 1953 veteribus

168 1993 277 2063 susque
299 1979 392 2061 deque
413 1976 528 2040 habitas
550 1997 629 2054 esse,
653 1997 740 2041 nemo
755 1975 841 2039 facile
857 1977 968 2054 credet,
991 1997 1054 2072 nco
1061 1979 1207 2060 genuinos

169 2102 304 2147 nummos
324 2081 399 2146 istos
422 2079 471 2164 qui
487 2078 586 2143 sobrie
601 2087 715 2163 spectat
729 2077 881 2162 quisquam
897 2078 992 2141 ducet.
1038 2077 1101 2144 lam
1123 2083 1207 2167 plura

168 2184 306 2268 exempla
325 2183 414 2247 huius
430 2179 539 2247 nummi
554 2176 626 2244 mihi
640 2201 700 2242 non
714 2189 784 2243 sunt
797 2190 927 2263 praesto.
957 2176 992 2249 N
992 2202 1031 2242 on
1046 2180 1145 2248 dubito
1160 2197 1205 2250 ta·

168 2313 237 2358 men
258 2291 392 2357 nummos
415 2312 478 2370 eos,
503 2289 606 2374 quilius
627 2309 667 2364 ex
685 2278 811 2352 ¹aliorum
825 2289 1030 2372 sententia¹):'
1052 2286 1203 2360 Nuvltri.

139 2425 141 2433 ’
169 2432 252 2489 num
269 2400 491 2476 Alafatrnum
507 2407 556 2472 vel
569 2397 762 2476 Nuvirtum
776 2397 913 2493 Alav...
933 2426 1018 2470 num
1032 2406 1204 2496 inscriptum

168 2527 233 2598 est,
262 2519 333 2583 item
355 2518 470 2602 spurios
493 2538 560 2612 esse
578 2515 720 2582 iudicare.
765 2513 899 2579 Exstant
918 2503 1073 2599 praeterea
1095 2522 1205 2584 nummi

169 2620 254 2706 parvi
274 2618 418 2685 Eckhelio
441 2618 570 2683 nondum
592 2612 712 2702 cogniti,
736 2616 786 2680 ubi
807 2627 853 2680 est
866 2613 1014 2699 Apollinis
1030 2630 1114 2701 caput
1130 2631 1160 2684 et
1174 2622 1204 2687 in

170 2730 264 2795 altere
278 2738 362 2813 parte
377 2727 458 2791 canis
473 2725 668 2810 investigans,
686 2746 750 2788 cum
762 2722 969 2809 inscriptione:
986 2718 1203 2796 Nuvltrinum

167 2840 419 2914 Alaf...rnum.
450 2842 565 2907 Eorum
581 2842 638 2906 duo
651 2837 775 2905 Parisiis
790 2854 996 2922 asservantur,
1021 2843 1068 2927 qui
1084 2847 1204 2930 genuini

166 2957 262 3022 videri
276 2965 400 3041 possunt
413 2953 488 3039 (tab.
500 2947 616 3030 XXX,
638 2947 728 3034 32.);
751 2949 804 3014 sed
819 2949 986 3035 suppositus
1001 2952 1103 3035 procul
1118 2953 1204 3020 dubio

166 3082 242 3128 unus
263 3069 309 3124 est
322 3055 522 3122 Londinensis
538 3053 615 3138 (tal).
631 3048 742 3131 XXX,
765 3049 848 3135 te),
873 3052 921 3137 qui
936 3054 1056 3117 eosdem
1071 3076 1144 3119 saue
1159 3067 1203 3142 ty-

166 3186 220 3250 pos
234 3172 390 3238 monstrat,
419 3159 474 3223 sed
488 3157 569 3221 solus
584 3153 805 3240 inscriptionem
818 3153 850 3217 in
864 3154 936 3218 duas
951 3166 1051 3240 partes
1066 3157 1203 3232 divisam,

166 3271 272 3355 lnoipit
289 3270 341 3333 illa
361 3269 394 3332 iu
415 3266 518 3350 capitis
537 3275 622 3348 parte
641 3263 761 3349 egregie
777 3264 930 3343 elaborati,
955 3265 1004 3328 uni
1018 3278 1083 3330 est:
1107 3264 1203 3338 Nuv.

165 3382 318 3453 lsrinum.
356 3380 444 3446 Prius
464 3403 488 3447 n
509 3382 698 3447 dextrorsum
720 3388 833 3462 spectat
854 3394 915 3439 uon
934 3378 1148 3461 sinistrorsum,
1173 3397 1205 3449 ut

166 3496 302 3562 debebat.
339 3491 528 3556 Elementum
550 3488 667 3552 tertium
687 3506 808 3570 prorsus
830 3494 1027 3548 etruscum
1048 3499 1112 3565 est,
1143 3512 1204 3555 uon

162 3574 280 3671 oscum.
310 3600 347 3666 In
368 3601 463 3666 altera
482 3608 566 3686 parte
586 3589 694 3682 legitur
706 3588 948 3661 Alafcternum
963 3594 1006 3656 ita
1020 3595 1146 3677 quidem,
1172 3608 1205 3662 ut

167 3696 248 3776 canis
264 3713 350 3794 caput
363 3709 444 3774 inire
455 3708 622 3794 ponendum
636 3706 675 3770 sit
689 3705 718 3770 ei
732 3705 781 3789 qui
795 3704 909 3767 initium
924 3701 998 3766 tituli
1013 3701 1113 3789 legere
1127 3703 1202 3767 vult.

166 3808 254 3896 Quod
268 3812 295 3878 si
308 3811 431 3877 minoris
446 3811 643 3876 videturesse
658 3806 809 3882 momenti,
827 3805 915 3889 longe
930 3805 1051 3900 gratinus
1066 3806 1203 3890 estquod
1310 3909 1312 3912 v
1330 3815 1332 3826 “

236 4053 260 4119 1)
279 4053 359 4107 llckh.
379 4050 470 4108 Doctr.
491 4051 513 4104 l.
533 4068 557 4118 p.
580 4051 652 4117 115„
671 4074 675 4081 ·

914 4128 1060 4194 q„
