2760 4754
170 309 213 372 tu
445 283 448 300 Ι
471 331 709 396 rascatrrnones
731 331 905 376 naumann.

584 476 667 542 vlr.
927 472 1011 542 Vll·.

584 577 669 643 vllt
927 574 1012 642 Vlla

181 708 185 717 ⁴
253 674 464 764 subiungimus
488 680 534 743 hic
553 681 760 766 inscriptiones
780 681 860 765 ipsas
878 679 983 742 litteris
998 678 1097 742 ladnis
1112 689 1210 742 mans·

169 780 294 866 scriptas
315 801 382 845 eam
402 782 634 846 transscribendi
656 783 749 846 secuti
768 782 933 860 rationem,
963 791 997 844 ut
1018 779 1209 862 unamquam-
1255 821 1260 829 -

169 903 226 966 que
255 883 383 946 litteram
411 883 557 946 diversam
588 884 706 947 diversa
741 895 772 946 et
799 882 939 967 peculiari
975 883 1028 946 sed
1056 869 1124 944 una'
1143 891 1221 958 tan„

168 994 230 1048 tum
244 986 344 1047 littera
357 984 558 1048 redderemus.
595 983 703 1067 Neque
724 985 803 1048 enim
825 984 1066 1049 consuetudinem
1088 985 1151 1046 lere
1171 981 1209 1045 ab

169 1085 303 1149 omnibus
325 1096 474 1169 receptam
498 1085 631 1168 equidem
654 1086 846 1170 comprobare
876 1107 1015 1170 possum,
1049 1085 1210 1166 secundum

168 1190 253 1272 qoam
267 1186 383 1250 litterae
398 1186 531 1268 singulae
546 1208 619 1269 quas
634 1188 788 1250 scribimus
810 1190 832 1266 i,
855 1195 892 1266 θ,
916 1210 934 1268 χ
956 1207 1008 1270 per
1027 1185 1140 1248 litteras
1156 1185 1209 1247 du·

168 1288 258 1373 plices
281 1286 338 1372 ph,
362 1287 412 1364 tb,
438 1287 479 1349 ch
500 1287 583 1350 reddi
605 1290 712 1353 solent.
751 1289 888 1352 Eundem
908 1308 981 1351 vero
1001 1308 1106 1349 sonum
1120 1285 1151 1348 in
1166 1280 1216 1348 di?

166 1388 265 1452 vorsis
280 1387 443 1473 alphabetis
459 1388 577 1452 diverso
592 1391 680 1454 modo
695 1392 834 1474 scriptum
855 1389 958 1452 eadem
973 1388 1071 1451 bttera
1085 1407 1210 1472 expres·

167 1489 271 1566 simus,
296 1488 430 1552 diversos
452 1510 543 1553 sonos
563 1490 595 1552 iu
614 1491 739 1554 diversis
762 1490 924 1576 alphabetis
939 1491 1042 1553 eadem
1056 1499 1128 1556 uota
1141 1488 1209 1551 red-

168 1589 246 1653 ditos
260 1588 385 1652 diversis
400 1589 505 1652 litteris
521 1591 734 1673 expressimus.
769 1591 816 1655 Ita
831 1594 941 1655 iactum
955 1601 1013 1668 est‚¹
1037 1601 1068 1653 ut
1082 1591 1210 1653 litteram

168 1701 326 1773 etruscum,
347 1690 520 1769 embricam,
546 1713 657 1770 oscam,
682 1714 757 1776 quae
778 1693 804 1757 si
820 1695 942 1757 formam
958 1693 1051 1756 solam
1066 1711 1210 1774 respexe-

167 1794 210 1858 ra
225 1795 329 1858 auem
344 1793 486 1876 principio
502 1793 556 1855 furt
571 1792 876 1873 laurisannum,
894 1795 1017 1877 rasoque
1033 1771 1209 1856 alanta-¹

167 1896 232 1960 lero
261 1905 292 1958 ct
314 1894 421 1957 ceteris
451 1895 585 1959 omnibus
613 1916 666 1980 per
687 1898 702 1959 f
726 1896 921 1975 reddebatur,
954 1917 976 1958 v
997 1895 1206 1970 scriberemus,

167 1996 311 2082 quoniam
321 1997 394 2058 haec
409 1996 472 2058 eius
488 1995 543 2058 fuit
556 1998 778 2079 pronunciatio,
796 2010 826 2061 et
839 2008 872 2060 ut
886 2018 922 2060 ea
937 1997 1054 2075 littera,
1064 2017 1149 2079 quam
1164 1995 1208 2078 pb
1232 2011 1236 2019 ·

167 2099 312 2174 scribam,
329 2116 416 2178 quum
431 2098 446 2158 i
456 2107 588 2174 sonaret,
613 2100 628 2160 i
647 2099 764 2162 anobis
779 2099 970 2162 scriberetur.
993 2097 1029 2161 Iu
1044 2096 1209 2159 litteratura

157 2201 259 2264 >latina
281 2220 298 2262 c
319 2197 415 2261 locum
433 2196 532 2260 ‘tenuit
553 2197 575 2260 k
597 2200 722 2263 btterae·
735 2211 889 2279 etruscae,
913 2200 1080 2278 ambricae,
1105 2223 1205 2280 oscae,

130 2384 133 2387 ῃ
167 2322 263 2385 nome
277 2321 406 2382 unquam
421 2318 457 2362 eo
472 2300 559 2362 modo
574 2303 766 2384 pronunciata
782 2315 839 2380 est,
857 2325 914 2386 quo
928 2301 1051 2386 Europa
1066 2303 1210 2366 hodierna
1263 2367 1265 2372 ,

167 2424 235 2468 eam
248 2401 425 2487 pronunciat
439 2410 508 2463 ante
523 2422 540 2463 c
555 2407 602 2465 vel
616 2404 627 2465 i
642 2406 786 2468 vocalem.
819 2402 920 2485 Quare
935 2427 996 2468 uon
1011 2406 1209 2470 dubitavimus

167 2504 275 2588 ubique
294 2503 316 2566 k
333 2501 483 2580 scrihere,
497 2504 645 2585 ,quoniam
667 2506 687 2569 k
702 2507 808 2590 ubique
823 2507 959 2571 sonabat.
996 2505 1131 2571 Maxime
1146 2506 1209 2588 qni-

168 2606 234 2672 de'm
255 2603 457 2671 necessarium
471 2603 567 2668 vnum
583 2618 640 2686 est,
664 2619 697 2671 ιιι
710 2610 826 2672 ιιιιιιιοιιι
844 2609 998 2691 abquando
1014 2609 1105 2672 bisin
1120 2608 1209 2672 rebus

107 2784 108 2787 Ἴ
166 2711 274 2774 malam
297 2719 326 2772 et
347 2707 543 2771 inveteratam
565 2712 824 2787 consuetudinem,
856 2732 931 2793 quac
955 2711 1090 2774 adhunc
1116 2730 1216 2792 usque·

167 2809 244 2874 diem
259 2830 376 2892 semper
389 2832 533 2875 novorum
549 2817 681 2874 errorum
697 2822 872 2888 causaest,
893 2833 958 2874 cum
980 2832 1060 2874 nova
1078 2821 1109 2874 et
1122 2810 1209 2874 unice

19 2897 20 2901 Ἰ
104 2930 106 2934 ‘
165 2910 410 2993 subscribendi
425 2912 541 2973 ratione
557 2921 813 2973 commutaremus.

252 3008 453 3096 Conspectum
474 3011 639 3094 argumenti
660 3011 841 3094 singularum
856 3010 1022 3075 tabidarum
1044 3012 1208 3077 faciliorem

165 3113 231 3178 fieri
244 3112 420 3178 credidimus
436 3113 642 3177 coniunctione
657 3132 758 3177 earum
772 3112 994 3198 inscriptionum
1011 3134 1086 3197 quae
1100 3134 1209 3179 revera

166 3215 324 3280 continuae
344 3225 430 3293 sunt,
462 3226 492 3277 et
513 3215 658 3279 divisione
679 3236 780 3280 earum
802 3216 927 3301 partium
951 3228 982 3278 et
996 3216 1207 3297 membrorum

166 3337 242 3402 quae
257 3337 312 3380 sua
327 3315 436 3379 babent
450 3316 603 3402 principia,
628 3318 761 3401 quamvis
782 3319 814 3381 in
829 3318 934 3382 tabulis
950 3342 1008 3383 uno
1024 3319 1134 3404 scripta
1148 3318 1210 3382 sint

165 3431 281 3483 tenura
304 3415 460 3501 virgulae,
485 3441 557 3502 quas
573 3421 734 3504 posuimus,
752 3444 812 3485 non
827 3443 892 3485 eam
908 3443 994 3503 ᾳιιιιιιι
1010 3422 1097 3485 hodie
1112 3420 1208 3483 vicem

166 3531 284 3606 gerunt,
308 3521 361 3583 sed
380 3521 474 3585 verba
494 3522 649 3586 includunt
670 3545 744 3606 quac
760 3535 841 3587 certa
856 3524 953 3606 abqua
967 3524 1082 3587 ratione
1098 3521 1208 3586 arodus

48 3648 52 3654 ¹
166 3623 323 3688 coniuncta
338 3621 423 3685 nobis
438 3623 504 3686 visa
518 3634 595 3686 sunt.
624 3623 753 3688 Numeri
767 3625 934 3709 interpositi
949 3624 1099 3709 archetypi
1113 3623 1208 3686 lineas

165 3724 307 3789 indicant.
351 3721 486 3788 Litterae
510 3724 596 3788 uncis
619 3725 751 3790 inclusae
774 3747 792 3789 a
815 3727 900 3790 nobis
927 3727 1086 3790 secundum
1110 3735 1208 3788 certas

165 3825 284 3910 regulas
298 3824 451 3892 restitutae
467 3837 545 3904 sunt,
563 3827 613 3890 uhi
627 3829 757 3891 maxime
772 3828 972 3892 necessarium
986 3827 1158 3904 videbatur,
1182 3825 1208 3889 si

165 3929 197 3992 in
217 3925 359 3991 divisione
380 3927 538 3992 verborum
558 3940 589 3992 et
609 3929 640 3992 in
660 3930 725 3994 aliis
744 3930 865 3994 minutis
881 3929 970 3993 rebus
993 3929 1137 3992 interdum
1160 3949 1209 3990 ar-

167 4027 284 4115 chetypi
298 4026 452 4093 lectioriem
469 4031 666 4109 correximus,
690 4054 807 4119 semper
820 4033 851 4098 in
866 4031 944 4096 uotis
959 4031 988 4110 id
1003 4029 1206 4095 indicavimus.
