2760 4754
558 273 751 326 suncanto·
1130 269 1184 326 mr

137 432 213 507 sime
231 429 335 495 cadom
348 422 447 493 «versa
461 420 582 490 Sabinis
603 425 644 490 ab
661 445 743 502 nno,
766 421 872 508 priscis
885 419 1008 488 Latinis
1018 421 1065 494 ab
1085 424 1180 494 staro

52 611 55 621 ·
138 574 354 635 acoeaseantm·
372 563 533 648 scriptorc3
556 562 586 626 itl
608 561 686 644 qnod
710 579 752 626 ex
773 557 832 623 sitn
858 559 1059 645 geographico
1087 569 1180 644 aeque

137 710 230 785 atque
247 719 288 761 ex
309 693 434 759 historia
455 677 687 759 concludenllnm
709 693 832 773 fnisset,
856 693 973 766 etiamsi
995 694 1041 759 liis
1062 695 1181 780 linguae

137 826 450 899 careremus-indiciis.
519 889 521 895 ,
1067 824 1069 829 ’

220 967 372 1050 Apparet,
404 963 479 1026 nihil
497 983 545 1027 me
567 925 641 1028 lare
661 963 792 1035 voluisse
817 972 936 1049 praeter
956 964 1128 1043 materiem,
1151 963 1185 1028 lc

139 1121 196 1185 qna
209 1099 364 1164 mactanda
376 1098 495 1163 versari
508 1099 568 1162 iam
582 1099 680 1166 studia
693 1097 820 1183 possint.
854 1096 889 1163 lt
898 1103 976 1163 'vero
991 1099 1103 1183 gratius
1118 1100 1186 1166 foto

139 1224 271 1319 augmen
283 1233 358 1307 viris
371 1252 446 1304 vere
460 1232 556 1298 doctis
570 1245 602 1298 et
614 1232 856 1321 intelligentibus,
881 1253 968 1317 qnam
983 1231 1010 1297 sl
1024 1244 1075 1298 aut
1089 1233 1187 1298 levius

139 1369 225 1440 simul
246 1379 277 1433 et
297 1369 396 1433 minus
414 1368 502 1453 pleno
523 1370 560 1433 dc
579 1369 688 1452 linguis
710 1367 917 1453 exposuissem
936 1402 981 1418 —-
1000 1368 1048 1437 cni
1068 1369 1186 1453 pridem

139 1524 248 1589 operae
268 1503 329 1571 rite
348 1503 547 1568 absolvendae
569 1520 623 1588 per
643 1502 799 1598 proximos
817 1522 912 1566 annos
935 1503 1064 1567 animum
1072 1505 1188 1574 salver·
1232 1551 1234 1554 ψ

108 1628 112 1630 ’
141 1649 206 1707 tere
224 1659 285 1701 non
304 1647 409 1722 potero
429 1676 472 1692 m
493 1649 544 1703 ant
564 1639 596 1702 in
625 1637 744 1707 scriniis
764 1637 941 1720 pressissem
963 1659 1038 1722 qnae
1061 1640 1186 1705 collecta

141 1771 249 1863 liabeo,
273 1771 341 1835 dnm
355 1783 470 1857 tempus
485 1772 556 1836 illud
569 1737 715 1837 lenisset.
750 1769 866 1837 Publici
880 1773 953 1837 iuris
967 1792 1190 1858 nnnc-apporte-¹
1283 1797 1291 1813 ·

141 1916 203 1968 urm
217 1906 308 1985 facio,
332 1926 417 1990 mem
439 1928 501 1970 non
515 1906 581 1983 sinc
601 1906 854 1991 taborountiqua
875 1907 1070 1991 conquisitum
1092 1909 1190 1977 otim

140 2004 515 2124 meorumluntam'entum
535 2040 623 2104 habui
638 2041 816 2106 studiorum.
845 2039 907 2107 Sed
929 2062 1017 2127 sporo
1033 2043 1123 2122 'fom*‚
1155 2048 1188 2106 rit

141 2194 182 2238 ex
195 2175 251 2238 hac
271 2174 387 2240 ratione
410 2197 478 2240 mea
491 2177 608 2240 litterae
629 2176 713 2259 ipsae
733 2177 888 2268 utilitatem
908 2176 1082 2262 percipiant.
1117 2174 1187 2241 Nec

142 2331 315 2394 quemqnam
330 2311 418 2374 talem
435 2310 639 2374 collectionem
655 2311 885 2395 vituperatnrcm
907 2311 1035 2375 arbitror
1048 2322 1188 2396 tanquam

141 2444 285 2524 inutilem,
302 2455 459 2530 propterea
474 2446 552 2528 qnod
565 2444 709 2530 plurimae
723 2442 930 2530 inscriptiones
952 2447 1011 2510 iam
1034 2458 1123 2511 antea
1141 2467 1189 2511 se·

142 2579 266 2664 paratim
287 2579 400 2664 inerint
420 2580 531 2644 editae.
567 2579 654 2644 Nam
678 2579 888 2663 inscriptiones
918 2582 1065 2644 adunam
1087 2602 1189 2645 omnes

144 2715 238 2777 adhuc
261 2714 340 2777 vitiis
364 2723 450 2777 erant
471 2714 640 2798 inquinatae
663 2734 766 2776 eorum
789 2713 838 2796 qui
860 2711 1084 2798 publicaverunt
1105 2714 1190 2798 culpa

41 2899 44 2902 .
146 2847 294 2912 admissis.
323 2845 370 2912 Ita
391 2847 423 2911 in
446 2847 563 2912 tabulae
577 2845 726 2912 Bantinae
748 2847 917 2932 apographo
940 2848 1050 2932 optimo
1072 2841 1190 2914 errores

144 2984 244 3046 notavi
259 2983 382 3067 viginti3
405 2981 569 3047 Abellanos
582 2994 680 3047 antem
695 2983 807 3062 titnlns,
833 3003 935 3048 eornm
951 2984 1000 3069 qui
1024 3004 1093 3049 osce
1117 2984 1192 3049 s'or‘iss
1260 3031 1267 3044 .

149 3118 189 3202 pti
204 3127 272 3181 sunt
285 3117 444 3196 maximus,
462 3139 550 3202 quum
565 3097 801 3202 nongentis'lerc
816 3116 922 3182 litteris
939 3119 1065 3199 constet,
1082 3122 1114 3184 in
1129 3121 1190 3207 etli-

146 3253 225 3316 tione
253 3253 509 3335 praestantissima
530 3219 655 3316 ducenta
685 3236 895 3338 quinquaginta
922 3254 1110 3338 reperiuntur
1131 3255 1191 3348 ele·

144 3398 244 3450 menta
264 3398 315 3450 aut
336 3388 412 3451 falsa
427 3398 611 3475 auttprorsus
631 3386 753 3464 omissa,
778 3408 835 3471 quo
850 3389 882 3450 in
897 3410 1021 3458 numero
1035 3410 1095 3473 non
1105 3409 1191 3472 *com-

146 3521 364 3607 prehenduntur
379 3522 492 3587 formae
507 3520 751 3608 palaeographioe
774 3535 942 3609 corruptae,
967 3522 1124 3590 ammoto
1143 3521 1191 3589 lit·

146 3668 227 3726 teras
242 3657 384 3727 visreote
407 3675 552 3740 expressa
574 3654 624 3723 sit.
655 3653 702 3733 Ita
716 3678 805 3741 porro
820 3658 869 3726 vel
882 3657 1008 3726 islone
1021 3655 1195 3742 Dempsteri
1299 3663 1300 3668 ’

147 3793 314 3877 apographo
330 3789 496 3856 tabularum
507 3787 732 3872 Engubinarum
756 3791 820 3875 plus
839 3792 998 3889 'octoginta’
1017 3791 1089 3857 vitia
1109 3812 1192 3856 rese-

147 3927 269 4004 derunt,
311 3949 365 3993 neo
404 3924 464 4007 ulla
493 3944 534 3988 ex
555 3923 592 3988 iis
622 3924 728 3991 tabulis
755 3947 820 3991 oum
849 3925 906 3992 fide
946 3925 1193 4013 palaeographiea
