2760 4754
56 361 61 367 ³
169 324 234 389 152
483 341 662 384 uunuroauu
684 341 894 386 couurucrus.

167 495 254 576 louge
275 489 440 554 recentiore
462 509 548 572 quam
569 487 601 551 in
623 510 680 572 qua
701 489 832 553 maxima
852 511 921 574 pars
937 490 1016 554 aeris
1030 490 1145 574 gravia
1169 491 1207 556 de

54 655 57 663 .
167 615 225 677 quo
246 593 374 657 lesuitae
396 600 536 673 egerunt,
561 591 629 653 lusa
649 601 707 653 εει.
752 589 896 675 Exceptis
918 592 1044 657 nummis
1066 588 1207 658 Volater-

167 718 278 772 rarum,
301 693 459 770 Tudertis,
483 690 590 775 Iguvi,
616 690 757 770 Hadriae,
781 694 911 776 plerique
933 715 1049 774 omnes,
1072 694 1123 778 qni
1145 693 1206 779 epi·

167 799 294 882 graphas
324 795 450 871 hahent,
487 794 550 856 cusi
571 804 656 872 sunt,
694 815 754 856 non
776 795 852 873 fusi,
883 797 913 861 id
935 795 1207 879 quodnominatim

81 980 85 987 Ι
168 899 255 962 etiam
283 897 319 959 de
348 895 493 959 Romanis
520 896 691 959 notandum.
736 894 859 961 Plurimi
880 898 996 980 uiridem
1017 898 1132 981 pondus
1154 899 1206 963 ha·

168 1000 238 1063 hent
259 999 413 1061 admodum
435 998 514 1074 leve,
538 1016 593 1059 nec
615 996 703 1060 iniis
726 997 908 1081 globulorum
924 999 1082 1063 discrimen
1104 1000 1206 1065 ohser-

166 1113 264 1165 vatur.
300 1096 388 1181 Quod
402 1100 460 1163 nisi
474 1097 567 1162 series
583 1099 740 1163 nonnullae
763 1121 803 1164 ex
817 1101 866 1180 iis,
891 1122 964 1184 quas
978 1099 1107 1166 Iesuitae
1121 1099 1206 1165 Lali·

167 1204 224 1279 nis,
242 1201 371 1280 Rutulis,
396 1199 545 1264 Auruncis
561 1199 683 1282 aliisque
698 1202 810 1285 populis
826 1203 1007 1279 adtribuunt,
1024 1199 1204 1286 Campaniae

167 1306 263 1389 potius
286 1307 422 1379 luerunt,
447 1303 631 1366 statuendum
653 1303 781 1380 videtur,
805 1305 871 1369 illos
893 1305 1008 1368 mediae
1028 1302 1133 1367 ltaliae
1154 1306 1214 1388 poi·

167 1407 251 1492 pulos
274 1427 342 1472 sero
366 1407 497 1481 demum,
536 1426 622 1486 quum
645 1405 778 1469 coloniae
800 1405 955 1470 Romanae
983 1407 1021 1469 ad
1042 1426 1095 1469 eos
1117 1403 1205 1469 dedu·

168 1520 232 1572 ctae
255 1518 367 1584 essent,
392 1529 526 1577 nummos
549 1507 655 1570 cudere
679 1508 823 1590 coepisse,
848 1508 928 1592 prius
950 1529 1022 1584 suos
1044 1507 1099 1570 sihi
1122 1528 1203 1571 uum·

167 1632 231 1673 mos
254 1609 373 1673 omnino
396 1631 456 1671 non
479 1608 628 1671 habuisse.

252 1709 373 1776 Classes
396 1710 561 1793 singulares
584 1709 639 1772 hae
661 1721 746 1775 sunt:

253 1813 285 1895 1)
309 1809 543 1876 Volaterrae
566 1811 716 1875 [lauriae.
756 1816 799 1877 Ea
820 1813 915 1877 series
931 1834 997 1876 cum
1011 1821 1132 1875 etrusca
1145 1810 1203 1896 epi-

165 1925 275 2009 graphe
290 1917 440 1989 Vela-dri
455 1924 532 1987 inter
554 1934 704 2002 etruscas,
730 1924 766 1987 de
788 1924 891 2007 quihus
912 1923 981 1987 alihi
1001 1942 1135 2005 agemus,
1159 1940 1204 1985 re-

165 2033 334 2096 centissima
356 2043 413 2095 εει.
458 2033 485 2097 Ii
507 2035 634 2111 nummi,
659 2045 692 2097 ut
712 2035 823 2098 etrusci
844 2054 958 2112 omnes,
983 2033 1057 2096 duos
1078 2043 1204 2097 daumm-

165 2137 252 2196 modo
275 2143 361 2217 typos
384 2135 503 2198 hahent.

250 2234 285 2318 2)
298 2231 437 2297 Tuder
458 2231 610 2299 Umbriae.
643 2235 762 2302 Pondus
778 2258 962 2301 nummorum
977 2246 1008 2300 ει
1022 2235 1146 2320 gruum
1159 2245 1205 2299 eat

165 2357 195 2408 et
209 2346 315 2409 levius.
353 2343 389 2409 In
411 2347 571 2411 maioribus
594 2348 710 2430 quidem
731 2347 858 2412 nummis
880 2346 997 2430 plenum
1012 2366 1122 2409 nomen
1135 2340 1204 2438 Tu7

164 2470 239 2528 tere
261 2461 392 2524 umbrica
413 2463 559 2547 scriptura
582 2483 756 2547 expressum
779 2464 907 2547 legitur3
930 2463 962 2525 in
976 2461 1140 2528 minorihus
1161 2473 1206 2529 est

165 2567 285 2644 breuius
315 2576 384 2645 Tu.
426 2578 584 2660 Reductio,
625 2604 699 2666 quae
723 2581 840 2667 dicitur,
864 2589 1004 2663 quantum
1026 2600 1068 2643 ex
1088 2580 1206 2665 palaeo-

165 2691 287 2776 graphia
310 2689 407 2774 colligi
429 2703 538 2774 potest,
562 2692 649 2755 tertio
672 2702 740 2755 ante
764 2688 915 2756 Christum
934 2688 1053 2753 saeculo
1069 2690 1150 2755 lactd
1162 2688 1207 2754 vi·

166 2794 250 2856 detur
272 2813 351 2870 esse,
376 2813 431 2856 nec
453 2794 540 2879 longe
563 2815 582 2856 a
600 2815 723 2857 romana
745 2792 821 2855 bello
835 2789 949 2854 Punico
964 2790 1058 2874 primo
1073 2790 1207 2856 instituta

167 2895 319 2959 recedere.
368 2891 433 2958 Sex
456 2897 532 2959 assis
555 2906 653 2978 partes
677 2895 829 2958 duodecim
853 2904 936 2978 typos
958 2892 1080 2955 hahent.

252 2995 285 3076 3)
299 2993 333 3057 N
335 3015 392 3057 ova
405 2993 508 3058 classis
521 3006 567 3058 εει
579 3017 762 3059 nummorum
773 2993 1069 3080 transapennincrum
1084 2995 1121 3058 de
1136 3015 1207 3079 quo,-

166 3119 230 3159 rum
247 3096 323 3160 assis
339 3095 483 3160 divisione
499 3119 588 3180 supra
604 3097 742 3162 diximus.
788 3094 931 3160 Hadria
946 3094 977 3159 in
992 3093 1115 3176 Piceno,
1139 3092 1208 3182 Ve-¹

168 3197 279 3275 stini,
304 3197 330 3260 si
353 3197 468 3280 quidem
482 3210 564 3262 recte
579 3200 758 3285 epigraphen
778 3194 863 3264 VES
886 3198 1070 3283 interpretati
1091 3218 1206 3276 sumus,

167 3293 335 3361 Luceria
355 3296 481 3382 Apuliae
504 3322 638 3365 nummos
661 3302 815 3380 cuderunt,
840 3321 962 3383 quorum
984 3293 1079 3363 maius
1093 3298 1208 3385 pondus

170 3410 199 3461 ει
214 3400 308 3464 levius
323 3401 497 3486 reperimus.
514 3401 671 3468 Accedunt
685 3404 795 3468 nummi
808 3399 860 3464 Te
869 3400 939 3464 atis
953 3397 1205 3477 Marrucinorum,

168 3499 305 3567 Larini
327 3500 557 3582 Frentanorum,
582 3506 663 3569 urhis
678 3506 797 3591 ignotae
812 3515 844 3567 et
857 3502 961 3567 dubiae
977 3498 1117 3567 Orrae.
1144 3500 1209 3567 Ea·

168 3627 232 3668 rum
255 3606 342 3669 trium
365 3606 478 3669 urbium
501 3607 594 3669 levius
610 3618 657 3672 est
670 3608 795 3691 pondus
819 3625 874 3669 uec
892 3604 1012 3668 multum
1027 3604 1060 3667 in
1074 3604 1130 3667 hac
1145 3600 1209 3686 qui-

170 3706 236 3769 dem
257 3727 290 3770 re
313 3704 506 3774 Luceriae
527 3708 637 3771 nummi
660 3707 808 3771 differunt.
843 3700 928 3772 Haec
942 3707 1019 3771 enim
1035 3704 1107 3769 urhs
1121 3723 1210 3790 prae·

168 3816 215 3869 ter
241 3807 394 3889 graviores
425 3831 558 3875 nummus
588 3811 670 3875 husos
700 3809 787 3872 etiam
818 3810 946 3875 leviores
976 3806 1078 3873 hahuit
1105 3825 1208 3877 emet.

170 3903 323 3990 Scriptura
345 3913 473 3976 omnium
495 3913 586 3976 latina
608 3922 665 3992 est,
689 3932 744 3975 nec
766 3932 885 3976 causam
899 3913 986 3976 video
1002 3930 1056 3974 cur
1069 3928 1212 3993 graecam

169 4018 301 4072 veterem
324 4032 390 4076 esse
413 4034 597 4078 censeamus.
632 4011 757 4081 Minime
771 4014 900 4080 omnium
914 4014 945 4079 in
959 4010 1108 4080 Luceriae
1122 4028 1210 4080 num·
